3878 4958
308 507 1317 627 ⁴enarremxmbacmonuncnvrr:
1394 543 1488 627 κῃ,

132 733 136 740 ’
185 711 299 795 dulus
317 709 358 790 in
376 729 510 826 aquam
526 759 541 807 ,
567 714 713 784 tantum
731 700 801 781 ille
825 703 1020 804 gravitatis
1040 709 1226 813 amittet,¹
1243 725 1427 816 quantum
1450 714 1538 812 illa,

185 839 297 921 aquae
313 824 442 916 portio
459 805 665 911 appendit,
691 807 798 920 cujus
826 805 954 887 locum
973 827 1136 912 occupat
1160 813 1294 896 cubuc
1347 814 1465 920 Quod
1487 815 1518 894 li

182 919 286 1000 idem
306 915 444 1018 globus
461 923 525 991 aut
543 911 665 990 cubus
683 906 849 1022 diversae
874 906 1070 990 densitatis
1095 913 1225 994 fluidis
1251 917 1519 1018 immergatur,

186 1018 365 1128 pondera
378 1015 446 1096 vel
466 1025 592 1114 partes
682 1010 829 1111 utatis,
853 1033 945 1113 quae
968 1013 1015 1090 ab
1046 1037 1096 1094 eo
1113 1013 1154 1095 in
1181 1016 1313 1100 ssuidis
1340 1017 1518 1099 amittun-

182 1139 270 1224 tur,
296 1129 412 1200 erunt
432 1127 471 1196 ut
497 1111 598 1214 speci
633 1133 693 1192 cae
710 1107 869 1191 illonrm
894 1113 1120 1217 gravitates,
1146 1119 1242 1201 seut
1268 1145 1343 1222 pro
1361 1121 1520 1200 ratione

182 1220 379 1306 denfioris
395 1217 462 1298 rel
478 1213 635 1330 rarioris
652 1209 791 1314 fluidi,
817 1215 940 1295 cubus
956 1213 1027 1294 ille
1055 1222 1175 1323 majus
1193 1223 1259 1302 vel
1275 1222 1400 1300 minus
1417 1247 1516 1323 pon..

179 1329 255 1413 dus
272 1323 420 1402 amittet
445 1343 458 1421 3
509 1324 616 1398 Hmc
640 1338 730 1397 cera
754 1339 842 1394 cum
872 1319 1033 1419 plumbo
1059 1318 1102 1400 in
1130 1330 1221 1406 aere
1245 1320 1516 1426 aequilibrata,

182 1429 255 1512 ubi
270 1426 313 1506 in
330 1445 462 1540 aquam
480 1417 719 1519 immittitur,
743 1416 905 1519 plumbo
929 1417 1171 1526 supernatat,
1196 1448 1271 1506 ceu
1287 1425 1413 1506 minus
1431 1449 1514 1526 gra·
1614 1453 1618 1462 ’

180 1530 243 1618 vis
261 1555 274 1632 3
300 1527 368 1610 ubr
387 1524 429 1603 in
449 1544 572 1600 vacuo
590 1517 722 1600 antliae
737 1515 1031 1624 ponderantur,
1056 1525 1257 1626 plumbum
1279 1527 1394 1642 supra
1411 1525 1519 1608 sere-

181 1645 259 1714 tur.
309 1631 401 1708 Non
418 1621 604 1727 quidem,
626 1619 736 1726 quod
754 1619 795 1700 in
822 1622 1061 1722 ejuscemodi
1085 1628 1404 1729 experimentrsa
1426 1652 1514 1712 cor·

169 1754 280 1836 'pore
296 1753 385 1832 pars
398 1721 588 1830 ponderis
603 1745 742 1804 revera
759 1719 968 1826 amittatur,
995 1725 1061 1804 led
1079 1727 1188 1830 quod
1207 1759 1228 1808 a
1245 1727 1370 1812 fluido
1386 1729 1438 1809 ita
1455 1731 1514 1814 su·

175 1833 399 1930 stineatur,
430 1826 536 1932 qllafi
564 1849 704 1908 revera
729 1819 879 1926 pondus
900 1825 1005 1905 soret
1026 1827 1282 1912 imminutum.
1350 1835 1411 1913 Ex
1433 1857 1516 1935 quo

176 1931 383 2115 apaniseste
397 1927 602 2036 gravitatio
623 1949 734 2036 aquae
750 1926 792 2005 in
808 1949 944 2029 aquarn
968 1929 1200 2013 inferiorern
1221 1933 1261 2014 δι
1285 1931 1328 2015 in
1345 1932 1521 2016 fundum·
1621 1985 1623 1990 -

174 2053 314 2120 eucet.

282 2140 357 2218 111.
383 2137 484 2225 Infla
498 2134 685 2236 Veficam,
710 2131 811 2212 hanc
829 2131 933 2213 bene
951 2125 1145 2237 occlude,
1169 2158 1214 2216 ac
1231 2134 1309 2238 liga
1328 2136 1370 2218 in
1388 2135 1516 2220 sundo

178 2239 280 2322 vasis
300 2265 314 2340 3
340 2253 423 2318 tum
437 2261 571 2340 aquam
590 2238 632 2316 in
645 2261 712 2316 vas
727 2259 899 2338 eousque
924 2234 1111 2337 aliunde,
1137 2233 1268 2318 donec
1284 2253 1362 2318 tota
1386 2239 1515 2319 vesica
1551 2295 1555 2301 -

178 2353 414 2442 contegatur
432 2361 445 2430 ς
471 2363 537 2416 vas
554 2337 628 2419 hoc
655 2361 739 2418 cum
754 2339 882 2418 velica
898 2339 942 2420 in
962 2341 1073 2419 lance
1096 2363 1173 2420 una
1198 2341 1354 2421 staterae
1371 2363 1515 2442 appen-

170 2439 324 2543 .datur;
350 2439 392 2544 in
407 2441 526 2520 altera
542 2462 640 2520 vero
655 2439 769 2524 lance
784 2441 1005 2523 collocetur
1020 2439 1173 2542 pondus
1186 2441 1514 2544 aequilibransvae

178 2567 268 2623 cum
285 2543 437 2646 aqua&
460 2542 586 2622 velica
613 2559 816 2647 antequam
841 2542 1072 2646 inflaretur3
1111 2541 1291 2626 advertes
1318 2569 1386 2625 vas
1410 2543 1512 2634 illud

178 2644 416 2748 cuminflata
434 2645 560 2724 velica
573 2659 720 2728 tantum
738 2666 1012 2748 praegravare,
1036 2649 1219 2750 quantum
1237 2644 1429 2748 ponderat
1443 2647 1512 2726 illa

181 2769 296 2848 aquae
311 2746 462 2848 portio,
485 2769 577 2846 quae
597 2773 617 2823 a
633 2745 760 2824 velica
784 2747 872 2826 loco
890 2749 960 2826 luo
979 2749 1216 2848 expellitur3
1243 2771 1335 2848 quae
1349 2751 1519 2848 granta..

178 2847 236 2926 tio
252 2847 384 2952 utique
399 2848 447 2927 ab
467 2871 563 2948 aqua
580 2849 762 2945 provenit
779 2845 944 2924 ¹vesicam
962 2850 1185 2948 propellere
1204 2847 1365 2926 nitente.

279 2952 352 3034 IV.
379 2955 508 3031 Naves
533 2966 782 3048 quaecunque
813 2956 959 3024 tantum
988 2969 1099 3050 aquae
1126 2945 1168 3024 in
1193 2949 1419 3031 fluminibus
1454 2947 1513 3026 lo-

177 3069 227 3128 co
247 3049 470 3156 expellunt,
496 3045 625 3129 donec
645 3043 692 3126 ad
710 3044 976 3150 aequilibrium
995 3047 1162 3130 &navis
1184 3049 1336 3166 &aqua
1356 3049 1512 3153 expulsa
1570 3079 1573 3086 ¹

178 3150 388 3253 conlistat3
440 3150 546 3232 Hinc
556 3149 609 3228 ob
628 3149 748 3248 maius
762 3149 828 3226 vel
844 3149 973 3264 minus
992 3149 1145 3252 pondus
1162 3149 1315 3256 navigia
1329 3151 1513 3272 quaedam

175 3251 435 3358 profundius,
459 3249 639 3356 quaedam
657 3249 793 3334 elatius
807 3275 915 3352 aquis
933 3251 1107 3333 innatant
1126 3277 1139 3355 ς
1201 3257 1250 3337 In
1269 3281 1365 3338 marr
1383 3274 1511 3338 tamen

176 3355 307 3440 minus
323 3379 409 3434 mer
464 3371 554 3435 ntur
572 3373 703 3456 naves,
748 3377 836 3434 uam
861 3351 903 3433 in
930 3353 1130 3458 fluviatili,
1155 3354 1263 3459 quod
1281 3358 1342 3438 sre
1370 3373 1511 3440 uenter

178 3473 309 3559 aperte
326 3481 401 3536 con
420 3455 561 3557 picitur
577 3455 620 3536 in
635 3382 847 3569 navibuqe
865 3455 968 3536 mari
982 3453 1184 3538 fluminum
1199 3459 1332 3541 alveos
1343 3385 1512 3538 iubean-

178 3559 308 3646 tibus:
336 3558 427 3660 quia
445 3579 586 3656 nempe
601 3581 697 3661 aqua
715 3579 837 3636 ⁴mans
858 3557 979 3638 salina
1001 3559 1123 3638 multo
1150 3558 1309 3659 gravior
1333 3561 1391 3640 est
1414 3584 1512 3659 aqua

183 3661 290 3742 dulci
307 3657 509 3761 fluviatili,
533 3659 571 3736 ὅτ
589 3681 638 3740 eo
655 3658 815 3759 quidem
833 3659 1009 3760 gravior,
1033 3687 1111 3762 quo
1127 3659 1246 3760 magis
1261 3687 1283 3737 a
1299 3657 1515 3764 superficie

181 3765 317 3847 versus
333 3773 512 3843 centrum
530 3755 732 3854 descendit
744 3765 796 3866 (l.
807 3783 877 3861 131
890 3770 974 3868 lage
981 3766 1055 3862 ΙΙ.)
1104 3763 1246 3840 Femur
1263 3761 1513 3845 observatum

178 3864 311 3966 luille,
335 3861 442 3968 quod
460 3867 596 3961 lagena
610 3885 753 3964 vacua,
778 3861 866 3966 pice
886 3863 1022 3945 &cera
1032 3859 1226 3976 hispanica
1242 3857 1289 3942 ad
1310 3863 1513 3948 orificium

181 3965 314 4047 exaue
339 3965 550 4064 conclusa,
577 3977 689 4066 atque
716 3965 884 4068 appenso
908 3964 1068 4064 plumbo
1097 3985 1138 4038 m
1165 3964 1335 4064 longiori
1359 3967 1433 4048 filo
1462 3967 1516 4050 ad·

185 4067 425 4150 ducentos&
439 4069 540 4146 ultra
557 4065 707 4148 cubitos
728 4066 769 4148 in
787 4087 893 4166 mare
914 4067 1118 4163 immersa,
1144 4064 1299 4148 tandem
1325 4069 1516 4174 exmalla,

185 4166 395 4277 lympidam
430 4167 737 4269 salfiffimamque
761 4168 964 4273 aquamin
991 4171 1031 4247 se
1052 4166 1329 4270 continueritg¹
1344 4170 1513 4281 Quodsi

185 4293 326 4354 verum
342 4267 700 4376 ell,„eriteffeth1s
716 4271 781 4356 hic
804 4267 1084 4358 adscribendus
1108 4275 1333 4385 compreliae
1350 4277 1515 4396 inferio-

241 4414 246 4440 ι
450 4405 453 4412 ⁴
1428 4401 1466 4457 rr
