3782 4958
464 513 538 593 312
951 460 1244 580 ,aacr'ronrs-
1277 485 1328 566 11.

414 671 513 757 nalis
531 673 618 749 HH.
673 661 790 749 Circa
810 663 908 744 vasis
933 664 1100 782 fundum
1128 667 1173 750 srt
1188 668 1448 772 epistomium
1465 675 1496 754 I.
1547 677 1685 778 Itaque
1713 675 1756 754 iu

416 780 492 856 h'oc
507 797 575 852 vas
591 779 630 850 A
647 791 886 873 quocunque
901 791 995 846 annr
1016 783 1197 869 tempore
1213 771 1445 856 immittatur
1465 773 1618 874 glacies.
1647 775 1761 856 In'sra

367 877 373 886 '
417 877 622 957 cavitatem
646 873 779 950 MMM
805 885 978 973 ponatur
1011 871 1151 971 lampas
1175 869 1316 952 ardens
1338 882 1372 958 C
1399 901 1448 956 ex
1472 873 1611 978 spiritu
1639 879 1758 977 vini3

416 979 575 1264 ίρἱἱωε
590 972 805 1088 νίῃὶ,ρειτΙ
825 972 1123 1056 flammulame
1149 971 1365 1082 dispersus,
1382 980 1687 1081 congregabitur
1715 979 1760 1058 in

489 1078 635 1157 ietibus
652 1090 827 1154 cavatatrs
853 1078 1009 1176 MMM,
1042 1097 1085 1152 ac
1109 1074 1268 1157 tandem
1294 1097 1374 1257 fer
1399 1081 1619 1184 adjunctam
1646 1081 1760 1160 fistu-

361 1248 368 1261 .
436 1180 604 1264 amEin
624 1177 1097 1277 lagenulamerofluet.
1149 1177 1270 1358 Puod
1309 1209 1322 1258 1
1369 1189 1415 1263 e'r
1430 1182 1653 1284 longiorem
1673 1207 1761 1260 mo-

417 1312 501 1368 ram
529 1279 670 1384 glacies
693 1279 734 1360 in
760 1278 849 1358 vase
875 1285 916 1359 A
951 1277 1123 1360 resoluta
1171 1281 1278 1361 uerit
1339 1209 1489 1364 iefinet
1514 1283 1674 1366 stillatio
1711 1307 1763 1362 ex

418 1387 602 1470 fistulaE
620 1408 633 1484 3
662 1379 824 1498 debebit
843 1379 975 1484 itaque
993 1405 1113 1484 aqua,
1130 1405 1178 1461 ex
1195 1335 1368 1465 resoiuta
1385 1386 1510 1487 glacie
1526 1409 1596 1486 per
1610 1386 1760 1488 episto-

417 1489 542 1572 mium
570 1491 588 1566 l
616 1483 1060 1586 evacuar1,&vas1A
1096 1485 1245 1585 imponi
1279 1507 1423 1566 recens
1448 1489 1600 1588 glacies.
1679 1492 1762 1568 Ex-

336 1597 343 1610 '
417 1609 555 1679 ternus
570 1585 711 1667 canalis
726 1591 803 1667 HH
821 1584 1031 1689 applicatus
1058 1589 1115 1669 est
1133 1587 1176 1666 in
1205 1611 1298 1668 eum
1326 1589 1475 1691 finem,
1508 1607 1553 1669 ut
1576 1590 1603 1668 st
1634 1589 1765 1668 conti-

276 1757 279 1760 .
420 1695 523 1797 gerit
545 1715 611 1770 vas
626 1697 666 1769 Α
684 1687 725 1766 in
743 1688 915 1768 externis
930 1687 1141 1788 parietibus
1172 1687 1333 1791 sudare,
1358 1689 1481 1774 sudor
1501 1689 1572 1768 ille
1593 1713 1765 1791 congre-

418 1812 547 1899 gatus,
574 1814 648 1872 ceu
674 1787 826 1870 inutilis
845 1814 920 1893 per
943 1790 1052 1872 hunc
1078 1791 1250 1873 canalem
1273 1792 1316 1870 in
1341 1819 1467 1876 unum
1493 1792 1645 1893 locum,
1673 1791 1761 1872 stne

300 1901 307 1914 '
419 1895 565 1979 tabulae
583 1891 855 1994 inquinatione
875 1892 1071 1972 decurrat.
1122 1893 1277 1996 Liquor
1293 1893 1357 1974 hic
1382 1949 1397 1998 ,
1422 1895 1557 2000 quiex
1575 1895 1707 1974 fistula
1725 1897 1761 1975 E

419 2003 461 2082 in
489 1997 708 2097 lagenulam
735 1999 768 2073 F
793 1993 1021 2097 colligitur,
1045 2011 1212 2076 vocatur
1228 1997 1359 2105 spirim
1375 2009 1443 2076 vini
1459 1999 1620 2098 traversus,
1646 1997 1764 2073 solet-

360 2127 363 2132 *
420 2125 501 2210 que
521 2123 662 2200 magno
677 2122 766 2177 tum
784 2093 1024 2178 valetudinis
1049 2097 1315 2178 emolumento
1342 2122 1454 2178 mane
1482 2097 1579 2180 lumi
1608 2095 1763 2214 quanti·

417 2219 493 2286 tate
520 2199 690 2282 duorum
716 2201 783 2280 vel
808 2197 929 2280 trium
955 2197 1228 2279 cochlearium.
1280 2201 1381 2280 Cum
1410 2199 1566 2306 spiritus
1587 2200 1654 2279 luc
1672 2200 1760 2278 lort-

447 2303 520 2388 'ori
546 2311 725 2404 tempore
757 2299 1002 2404 perstiterit,
1033 2299 1279 2384 videbuntur
1303 2301 1344 2380 in
1380 2325 1430 2384 eo
1465 2303 1581 2382 flocci
1615 2319 1759 2382 tenues
1877 2353 1878 2398 :

450 2405 610 2508 uidam,
633 2401 703 2508 qui
728 2418 859 2483 tamen
885 2399 985 2483 nibil
1012 2400 1121 2484 aliud
1149 2403 1259 2506 sunt,
1284 2427 1398 2506 quam
1423 2407 1566 2484 nitrum
1586 2410 1760 2503 atreum,
1874 2439 1877 2456 ·

419 2509 566 2610 pariter
590 2507 761 2588 salutare.
822 2509 1024 2588 caeterum
1052 2503 1180 2585 oritur
1203 2506 1292 2585 haec
1318 2505 1486 2612 liquoris
1518 2505 1754 2607 praeparatio

419 2632 469 2688 ex
496 2614 662 2690 flammae
683 2608 723 2688 δι
748 2603 887 2710 glaciei
911 2606 1222 2710 conjunctione3
1249 2621 1459 2708 propterea
1483 2603 1590 2712 quod
1616 2607 1760 2688 cavitas
1876 2679 1877 2712 ᾖ

318 2732 321 2744 ·
417 2715 577 2813 MMM,
610 2707 763 2812 glaciali
797 2710 950 2811 frigore
983 2710 1239 2789 vehementer
1274 2711 1514 2814 constritta,
1550 2707 1760 2809 discerptis
1876 2747 1877 2820 3

419 2812 619 2916 particulis
659 2811 815 2914 spiritus
848 2811 934 2892 vini
969 2811 1167 2892 tranfitum
1203 2835 1285 2892 non
1319 2808 1520 2916 indulgeat
1550 2837 1563 2912 3
1597 2809 1694 2890 hinc
1719 2811 1759 2889 in
1876 2827 1877 2860 l

419 2917 582 3018 guttulas
606 2917 883 3012 concrescunt,
907 2914 945 2994 δι
970 2935 1042 3016 per
1068 2913 1236 2993 fistulam
1264 2917 1298 2995 E
1326 2911 1459 2997 denuo
1484 2911 1755 2995 effunduntur.

270 3004 467 3116 ΠΨ]
531 3021 562 3134 i.
580 3031 627 3116 36
654 3077 663 3098 .
688 3027 831 3098 iucem
852 3015 935 3096 illae
953 3043 1007 3116 per
1029 3039 1102 3092 cruae
1124 3029 1327 3119 veterum,
1353 3039 1443 3119 quoe
1460 3015 1589 3096 multis
1605 3015 1758 3094 saeculis

246 3105 414 3210 Mittit·
424 3118 589 3199 arserint
615 3043 697 3200 sine
723 3145 831 3200 novo
866 3119 984 3232 suppe
1013 3115 1108 3195 itato
1129 3117 1306 3230 pabulo,
1333 3116 1452 3197 hodie
1486 3117 1591 3196 inter
1617 3115 1758 3218 deper-

247 3227 319 3282 m·
423 3217 500 3298 dita
518 3239 790 3304 numerantur.
844 3228 1064 3316 opinantur
1089 3217 1210 3319 aliqui
1240 3243 1287 3296 ex
1321 3221 1411 3300 oleo
1437 3219 1627 3300 asbestino
1664 3241 1757 3296 con·
1875 3255 1877 3276 ι

422 3311 574 3428 stititl‘e,
599 3331 701 3406 intra
729 3321 901 3404 clausum
927 3321 1074 3400 vitrum
1102 3343 1177 3419 ope
1209 3319 1358 3420 speculi
1397 3321 1552 3422 caustici
1580 3321 1756 3400 accenso.
1875 3281 1877 3366 i

416 3428 558 3528 Nuper
581 3425 739 3530 quidam
765 3447 947 3503 arcanum
983 3421 1147 3526 sequens
1182 3421 1395 3523 lampadem
1433 3441 1661 3527 perpetuam
1697 3449 1757 3522 pa·
1873 3369 1877 3488 i

420 3527 533 3610 randi
569 3533 824 3631 magnacum
860 3521 1007 3605 fiducia
1039 3521 1254 3604 venditavit
1289 3554 1298 3604 t
1347 3533 1513 3624 Acetum
1551 3547 1639 3605 cum
1677 3525 1753 3603 sale
1874 3557 1877 3684 Ι

419 3629 616 3714 communi
640 3641 779 3734 quater
806 3623 1042 3726 destillatur,
1069 3643 1182 3732 atque
1210 3626 1256 3704 ad
1287 3627 1526 3708 oleofitatem
1548 3625 1753 3727 redigitur.

293 3825 294 3830 Ν
415 3736 539 3814 Eune
567 3732 759 3838 liquorem
786 3729 961 3810 oleosum
991 3729 1107 3833 super
1139 3731 1277 3808 libram
1313 3729 1405 3811 vitri
1443 3727 1647 3810 antimonii
1676 3729 1754 3830 pul·
1874 3697 1877 3844 i

416 3833 571 3912 verisati
599 3832 787 3936 affunde,
822 3833 1022 3920 imbuetur
1055 3832 1141 3934 post
1175 3847 1428 3934 temperatum
1466 3831 1517 3910 ali
1545 3847 1615 3914 uot
1642 3831 1752 3910 hora·

417 3957 505 4014 rum
522 3935 693 4016 calorem
712 3933 876 4040 quodam
897 3935 1056 4017 rubore.
1106 3933 1260 4036 Liquor
1279 3933 1415 4016 denuo
1435 3863 1587 4014 oleoius
1605 3933 1647 4012 in
1670 3933 1750 4014 Bal·

419 4061 498 4115 neo
523 4039 663 4118 Mariae
688 4037 966 4136 rettificetur3
1009 4035 1153 4117 vitrum
1182 4049 1308 4116 autem
1337 4035 1538 4117 antimonii
1557 4032 1749 4126 denno&

303 4145 306 4154 '
350 4158 356 4168 ·
421 4135 554 4222 denuo
581 4139 854 4236 pulverilatum
883 4160 972 4216 cum
1001 4136 1157 4234 liquore
1184 4133 1257 4214 illo
1298 4137 1431 4219 oleoso
1457 4135 1597 4240 septies
1624 4133 1751 4214 dessil-

413 4239 538 4351 latur,
566 4237 695 4328 donec
712 4238 870 4332 tandem
893 4237 1021 4323 omnis
1046 4233 1176 4338 liquor
1192 4236 1415 4326 imbibatur.
1467 4238 1673 4332 Materiam
1691 4237 1744 4316 su

1401 4353 1405 4368 '
1614 4363 1703 4446 per-
