<?xml version="1.0" encoding="UTF-8"?>
<!DOCTYPE html PUBLIC "-//W3C//DTD XHTML 1.0 Transitional//EN"
    "http://www.w3.org/TR/xhtml1/DTD/xhtml1-transitional.dtd">
<html xmlns="http://www.w3.org/1999/xhtml" xml:lang="en" lang="en">
 <head>
  <title>
</title>
<meta http-equiv="Content-Type" content="text/html;charset=utf-8" />
  <meta name='ocr-system' content='tesseract 3.04.00' />
  <meta name='ocr-capabilities' content='ocr_page ocr_carea ocr_par ocr_line ocrx_word'/>
</head>
<body>
  <div class='ocr_page' id='page_1' title='image "./florianidalhami00dalhgoog_0088.png"; bbox 0 0 3900 4956; ppageno 0'>
   <div class='ocr_carea' id='block_1_1' title="bbox 452 451 1258 538">
    <p class='ocr_par' dir='ltr' id='par_1_1' title="bbox 452 451 1258 538">
     <span class='ocr_line' id='line_1_1' title="bbox 452 451 1258 538; baseline -0.005 -4"><span class='ocrx_word' id='word_1_1' title='bbox 452 454 505 538; x_wconf 75' lang='lat' dir='ltr'>ut</span> <span class='ocrx_word' id='word_1_2' title='bbox 877 523 882 532; x_wconf 92' lang='lat'>.</span> <span class='ocrx_word' id='word_1_3' title='bbox 984 451 1199 530; x_wconf 80' lang='lat' dir='ltr'>Sacrrours</span> <span class='ocrx_word' id='word_1_4' title='bbox 1223 451 1258 532; x_wconf 89' lang='lat'>1.</span> 
     </span>
    </p>
   </div>
   <div class='ocr_carea' id='block_1_2' title="bbox 402 629 1749 1654">
    <p class='ocr_par' dir='ltr' id='par_1_2' title="bbox 402 629 1749 1654">
     <span class='ocr_line' id='line_1_2' title="bbox 492 629 1748 738; baseline 0.005 -28"><span class='ocrx_word' id='word_1_5' title='bbox 492 633 538 730; x_wconf 76' lang='lat'>.§.</span> <span class='ocrx_word' id='word_1_6' title='bbox 551 647 616 733; x_wconf 78' lang='lat'>77.</span> <span class='ocrx_word' id='word_1_7' title='bbox 646 637 771 714; x_wconf 87' lang='lat' dir='ltr'>Porro</span> <span class='ocrx_word' id='word_1_8' title='bbox 791 629 969 738; x_wconf 83' lang='lat' dir='ltr'>quamvis</span> <span class='ocrx_word' id='word_1_9' title='bbox 987 631 1148 714; x_wconf 87' lang='lat' dir='ltr'>minima</span> <span class='ocrx_word' id='word_1_10' title='bbox 1163 639 1351 738; x_wconf 82' lang='lat' dir='ltr'>temporis</span> <span class='ocrx_word' id='word_1_11' title='bbox 1369 659 1458 736; x_wconf 80' lang='lat' dir='ltr'>pars</span> <span class='ocrx_word' id='word_1_12' title='bbox 1477 657 1635 720; x_wconf 83' lang='lat' dir='ltr'>omnem</span> <span class='ocrx_word' id='word_1_13' title='bbox 1654 659 1748 738; x_wconf 85' lang='lat' dir='ltr'>per-</span> 
     </span>
     <span class='ocr_line' id='line_1_3' title="bbox 402 735 1745 840; baseline 0.004 -30"><span class='ocrx_word' id='word_1_14' title='bbox 402 735 644 814; x_wconf 85' lang='lat' dir='ltr'>manentium</span> <span class='ocrx_word' id='word_1_15' title='bbox 654 759 788 816; x_wconf 88' lang='lat' dir='ltr'>rerum</span> <span class='ocrx_word' id='word_1_16' title='bbox 799 735 1089 818; x_wconf 85' lang='lat' dir='ltr'>universrtatem</span> <span class='ocrx_word' id='word_1_17' title='bbox 1100 735 1591 840; x_wconf 74' lang='lat' dir='ltr'>latiffimecomplebtatur3</span> <span class='ocrx_word' id='word_1_18' title='bbox 1613 739 1745 818; x_wconf 85' lang='lat' dir='ltr'>omnis</span> 
     </span>
     <span class='ocr_line' id='line_1_4' title="bbox 404 837 1744 944; baseline 0.006 -34"><span class='ocrx_word' id='word_1_19' title='bbox 404 847 537 914; x_wconf 89' lang='lat' dir='ltr'>tamen</span> <span class='ocrx_word' id='word_1_20' title='bbox 555 853 649 920; x_wconf 84' lang='lat' dir='ltr'>aetas</span> <span class='ocrx_word' id='word_1_21' title='bbox 671 839 845 920; x_wconf 86' lang='lat' dir='ltr'>moribus</span> <span class='ocrx_word' id='word_1_22' title='bbox 865 837 1051 935; x_wconf 76' lang='lat' dir='ltr'>diversis,</span> <span class='ocrx_word' id='word_1_23' title='bbox 1080 837 1313 944; x_wconf 87' lang='lat' dir='ltr'>diversaque</span> <span class='ocrx_word' id='word_1_24' title='bbox 1330 841 1472 944; x_wconf 83' lang='lat' dir='ltr'>gaudet</span> <span class='ocrx_word' id='word_1_25' title='bbox 1489 837 1744 940; x_wconf 80' lang='lat' dir='ltr'>habitudine3</span> 
     </span>
     <span class='ocr_line' id='line_1_5' title="bbox 404 933 1747 1045; baseline 0.002 -31"><span class='ocrx_word' id='word_1_26' title='bbox 404 933 510 1016; x_wconf 86' lang='lat' dir='ltr'>Hinc</span> <span class='ocrx_word' id='word_1_27' title='bbox 526 939 627 1022; x_wconf 92' lang='lat' dir='ltr'>bene</span> <span class='ocrx_word' id='word_1_28' title='bbox 644 940 757 1021; x_wconf 87' lang='lat' dir='ltr'>multi</span> <span class='ocrx_word' id='word_1_29' title='bbox 774 943 843 1023; x_wconf 88' lang='lat' dir='ltr'>suo</span> <span class='ocrx_word' id='word_1_30' title='bbox 872 965 963 1022; x_wconf 89' lang='lat' dir='ltr'>cum</span> <span class='ocrx_word' id='word_1_31' title='bbox 991 945 1288 1043; x_wconf 83' lang='lat' dir='ltr'>emolumento,</span> <span class='ocrx_word' id='word_1_32' title='bbox 1317 943 1475 1045; x_wconf 87' lang='lat' dir='ltr'>quidam</span> <span class='ocrx_word' id='word_1_33' title='bbox 1501 945 1553 1020; x_wconf 92' lang='lat' dir='ltr'>sat</span> <span class='ocrx_word' id='word_1_34' title='bbox 1576 937 1747 1020; x_wconf 79' lang='lat' dir='ltr'>infelici-</span> 
     </span>
     <span class='ocr_line' id='line_1_6' title="bbox 404 1037 1748 1152; baseline 0 -28"><span class='ocrx_word' id='word_1_35' title='bbox 404 1051 470 1152; x_wconf 41' lang='lat' dir='ltr'>ter·</span> <span class='ocrx_word' id='word_1_36' title='bbox 496 1037 643 1124; x_wconf 83' lang='lat' dir='ltr'>saeculo</span> <span class='ocrx_word' id='word_1_37' title='bbox 668 1043 771 1148; x_wconf 73' lang='lat' dir='ltr'>suo,</span> <span class='ocrx_word' id='word_1_38' title='bbox 806 1046 974 1147; x_wconf 79' lang='lat' dir='ltr'>suaeque</span> <span class='ocrx_word' id='word_1_39' title='bbox 1011 1044 1119 1125; x_wconf 88' lang='lat' dir='ltr'>aetati</span> <span class='ocrx_word' id='word_1_40' title='bbox 1158 1059 1358 1149; x_wconf 84' lang='lat' dir='ltr'>eoguntur</span> <span class='ocrx_word' id='word_1_41' title='bbox 1386 1045 1584 1124; x_wconf 86' lang='lat' dir='ltr'>deservire</span> <span class='ocrx_word' id='word_1_42' title='bbox 1616 1073 1626 1121; x_wconf 75' lang='grc' dir='ltr'><strong>ε</strong></span> <span class='ocrx_word' id='word_1_43' title='bbox 1662 1067 1748 1124; x_wconf 87' lang='lat' dir='ltr'>non</span> 
     </span>
     <span class='ocr_line' id='line_1_7' title="bbox 405 1143 1746 1247; baseline 0.004 -32"><span class='ocrx_word' id='word_1_44' title='bbox 405 1161 508 1218; x_wconf 86' lang='lat' dir='ltr'>ennn</span> <span class='ocrx_word' id='word_1_45' title='bbox 533 1167 595 1226; x_wconf 87' lang='lat' dir='ltr'>eae</span> <span class='ocrx_word' id='word_1_46' title='bbox 620 1159 747 1247; x_wconf 78' lang='lat' dir='ltr'>artes,</span> <span class='ocrx_word' id='word_1_47' title='bbox 776 1143 1083 1226; x_wconf 84' lang='lat' dir='ltr'>consuetudines</span> <span class='ocrx_word' id='word_1_48' title='bbox 1114 1149 1152 1228; x_wconf 76' lang='grc' dir='ltr'>δι</span> <span class='ocrx_word' id='word_1_49' title='bbox 1188 1145 1362 1226; x_wconf 88' lang='lat' dir='ltr'>instituta</span> <span class='ocrx_word' id='word_1_50' title='bbox 1392 1147 1511 1230; x_wconf 87' lang='lat' dir='ltr'>hodie</span> <span class='ocrx_word' id='word_1_51' title='bbox 1539 1147 1580 1228; x_wconf 93' lang='lat' dir='ltr'>in</span> <span class='ocrx_word' id='word_1_52' title='bbox 1603 1165 1746 1246; x_wconf 74' lang='lat' dir='ltr'>magno</span> 
     </span>
     <span class='ocr_line' id='line_1_8' title="bbox 403 1247 1749 1352; baseline 0.001 -32"><span class='ocrx_word' id='word_1_53' title='bbox 403 1267 574 1324; x_wconf 87' lang='lat' dir='ltr'>numero</span> <span class='ocrx_word' id='word_1_54' title='bbox 590 1251 679 1326; x_wconf 89' lang='lat' dir='ltr'>sunt</span> <span class='ocrx_word' id='word_1_55' title='bbox 710 1251 748 1328; x_wconf 76' lang='grc' dir='ltr'>δι</span> <span class='ocrx_word' id='word_1_56' title='bbox 776 1247 1083 1350; x_wconf 81' lang='lat' dir='ltr'>existimatione,</span> <span class='ocrx_word' id='word_1_57' title='bbox 1117 1269 1213 1352; x_wconf 83' lang='lat' dir='ltr'>quae</span> <span class='ocrx_word' id='word_1_58' title='bbox 1238 1251 1394 1328; x_wconf 86' lang='lat' dir='ltr'>Patrum</span> <span class='ocrx_word' id='word_1_59' title='bbox 1418 1249 1640 1330; x_wconf 88' lang='lat' dir='ltr'>nostrorum</span> <span class='ocrx_word' id='word_1_60' title='bbox 1664 1267 1749 1322; x_wconf 91' lang='lat' dir='ltr'>me·</span> 
     </span>
     <span class='ocr_line' id='line_1_9' title="bbox 404 1345 1749 1459; baseline 0.005 -40"><span class='ocrx_word' id='word_1_61' title='bbox 404 1345 535 1458; x_wconf 73' lang='lat' dir='ltr'>moria</span> <span class='ocrx_word' id='word_1_62' title='bbox 561 1349 798 1428; x_wconf 89' lang='lat' dir='ltr'>floruerunt.</span> <span class='ocrx_word' id='word_1_63' title='bbox 860 1353 1017 1430; x_wconf 87' lang='lat' dir='ltr'>Verum</span> <span class='ocrx_word' id='word_1_64' title='bbox 1045 1375 1124 1453; x_wconf 85' lang='lat' dir='ltr'>qua</span> <span class='ocrx_word' id='word_1_65' title='bbox 1159 1349 1313 1430; x_wconf 90' lang='lat' dir='ltr'>ratione</span> <span class='ocrx_word' id='word_1_66' title='bbox 1339 1349 1613 1432; x_wconf 84' lang='lat' dir='ltr'>nobiiiffimum</span> <span class='ocrx_word' id='word_1_67' title='bbox 1647 1363 1749 1459; x_wconf 69' lang='lat' dir='ltr'>tem·</span> 
     </span>
     <span class='ocr_line' id='line_1_10' title="bbox 406 1446 1748 1556; baseline 0.004 -35"><span class='ocrx_word' id='word_1_68' title='bbox 406 1465 481 1556; x_wconf 79' lang='lat' dir='ltr'>pus</span> <span class='ocrx_word' id='word_1_69' title='bbox 498 1446 556 1524; x_wconf 77' lang='lat' dir='ltr'>his</span> <span class='ocrx_word' id='word_1_70' title='bbox 581 1447 821 1529; x_wconf 84' lang='lat' dir='ltr'>saeculorum</span> <span class='ocrx_word' id='word_1_71' title='bbox 847 1448 983 1530; x_wconf 86' lang='lat' dir='ltr'>studiis</span> <span class='ocrx_word' id='word_1_72' title='bbox 1022 1449 1322 1532; x_wconf 82' lang='lat' dir='ltr'>accommodare</span> <span class='ocrx_word' id='word_1_73' title='bbox 1352 1451 1748 1554; x_wconf 70' lang='lat' dir='ltr'>oporteat,.uber1us</span> 
     </span>
     <span class='ocr_line' id='line_1_11' title="bbox 408 1547 1172 1654; baseline 0.016 -32"><span class='ocrx_word' id='word_1_74' title='bbox 408 1567 449 1626; x_wconf 87' lang='lat' dir='ltr'><strong>m</strong></span> <span class='ocrx_word' id='word_1_75' title='bbox 471 1547 608 1628; x_wconf 86' lang='lat' dir='ltr'>morali</span> <span class='ocrx_word' id='word_1_76' title='bbox 627 1549 873 1654; x_wconf 81' lang='lat' dir='ltr'>Philosophia</span> <span class='ocrx_word' id='word_1_77' title='bbox 891 1553 1172 1654; x_wconf 77' lang='lat' dir='ltr'>pertrattatur.</span> 
     </span>
    </p>
   </div>
   <div class='ocr_carea' id='block_1_3' title="bbox 609 1759 1554 2038">
    <p class='ocr_par' dir='ltr' id='par_1_3' title="bbox 609 1759 1554 2038">
     <span class='ocr_line' id='line_1_12' title="bbox 711 1759 1448 1852; baseline 0 0"><span class='ocrx_word' id='word_1_78' title='bbox 711 1759 1301 1852; x_wconf 81' lang='lat' dir='ltr'>PRAELECTIO</span> <span class='ocrx_word' id='word_1_79' title='bbox 1363 1761 1448 1852; x_wconf 90' lang='lat' dir='ltr'>IX.</span> 
     </span>
     <span class='ocr_line' id='line_1_13' title="bbox 609 1913 1554 2038; baseline -0.003 -33"><span class='ocrx_word' id='word_1_80' title='bbox 609 1919 671 2005; x_wconf 81' lang='lat' dir='ltr'>D&#39;e</span> <span class='ocrx_word' id='word_1_81' title='bbox 691 1920 800 2007; x_wconf 87' lang='lat' dir='ltr'>Motu</span> <span class='ocrx_word' id='word_1_82' title='bbox 821 1928 859 2008; x_wconf 83' lang='lat' dir='ltr'>in</span> <span class='ocrx_word' id='word_1_83' title='bbox 884 1913 1131 2026; x_wconf 78' lang='lat' dir='ltr'>Univerfitm,</span> <span class='ocrx_word' id='word_1_84' title='bbox 1161 1945 1222 2004; x_wconf 82' lang='lat' dir='ltr'>nec</span> <span class='ocrx_word' id='word_1_85' title='bbox 1254 1917 1385 2006; x_wconf 84' lang='lat' dir='ltr'>nonde</span> <span class='ocrx_word' id='word_1_86' title='bbox 1406 1917 1554 2038; x_wconf 62' lang='lat' dir='ltr'>Quiete.</span> 
     </span>
    </p>
   </div>
   <div class='ocr_carea' id='block_1_4' title="bbox 333 2125 1756 4372">
    <p class='ocr_par' dir='ltr' id='par_1_4' title="bbox 333 2125 1756 3346">
     <span class='ocr_line' id='line_1_14' title="bbox 411 2125 1753 2278; baseline -0.004 -59"><span class='ocrx_word' id='word_1_87' title='bbox 411 2141 448 2238; x_wconf 83' lang='lat'>§.</span> <span class='ocrx_word' id='word_1_88' title='bbox 463 2145 526 2237; x_wconf 85' lang='lat'>78.</span> <span class='ocrx_word' id='word_1_89' title='bbox 548 2141 746 2278; x_wconf 80' lang='lat' dir='ltr'>Morus,</span> <span class='ocrx_word' id='word_1_90' title='bbox 782 2141 896 2241; x_wconf 73' lang='lat' dir='ltr'>cuius</span> <span class='ocrx_word' id='word_1_91' title='bbox 928 2140 1076 2222; x_wconf 88' lang='lat' dir='ltr'>summa</span> <span class='ocrx_word' id='word_1_92' title='bbox 1108 2139 1163 2220; x_wconf 89' lang='lat' dir='ltr'>est</span> <span class='ocrx_word' id='word_1_93' title='bbox 1190 2125 1282 2220; x_wconf 87' lang='lat' dir='ltr'>cum</span> <span class='ocrx_word' id='word_1_94' title='bbox 1311 2137 1431 2240; x_wconf 88' lang='lat' dir='ltr'>spatio</span> <span class='ocrx_word' id='word_1_95' title='bbox 1457 2139 1495 2216; x_wconf 74' lang='grc' dir='ltr'>δι</span> <span class='ocrx_word' id='word_1_96' title='bbox 1521 2131 1753 2216; x_wconf 74' lang='lat' dir='ltr'>extensione</span> 
     </span>
     <span class='ocr_line' id='line_1_15' title="bbox 655 2235 1753 2345; baseline -0.01 -20"><span class='ocrx_word' id='word_1_97' title='bbox 655 2239 878 2344; x_wconf 78' lang='lat' dir='ltr'>copulatio,</span> <span class='ocrx_word' id='word_1_98' title='bbox 906 2243 1108 2342; x_wconf 83' lang='lat' dir='ltr'>praecipua</span> <span class='ocrx_word' id='word_1_99' title='bbox 1134 2265 1350 2345; x_wconf 88' lang='lat' dir='ltr'>corporum</span> <span class='ocrx_word' id='word_1_100' title='bbox 1384 2239 1439 2320; x_wconf 88' lang='lat' dir='ltr'>est</span> <span class='ocrx_word' id='word_1_101' title='bbox 1465 2235 1641 2333; x_wconf 75' lang='lat' dir='ltr'>affettio,</span> <span class='ocrx_word' id='word_1_102' title='bbox 1670 2235 1753 2314; x_wconf 88' lang='lat' dir='ltr'>srrre</span> 
     </span>
     <span class='ocr_line' id='line_1_16' title="bbox 416 2339 1755 2442; baseline 0 -28"><span class='ocrx_word' id='word_1_103' title='bbox 416 2363 499 2442; x_wconf 90' lang='lat' dir='ltr'>quo</span> <span class='ocrx_word' id='word_1_104' title='bbox 521 2341 627 2420; x_wconf 84' lang='lat' dir='ltr'>nulla</span> <span class='ocrx_word' id='word_1_105' title='bbox 649 2345 776 2442; x_wconf 91' lang='lat' dir='ltr'>potest</span> <span class='ocrx_word' id='word_1_106' title='bbox 798 2345 962 2423; x_wconf 84' lang='lat' dir='ltr'>mutatio</span> <span class='ocrx_word' id='word_1_107' title='bbox 988 2345 1151 2424; x_wconf 89' lang='lat' dir='ltr'>evenire</span> <span class='ocrx_word' id='word_1_108' title='bbox 1175 2345 1217 2424; x_wconf 93' lang='lat' dir='ltr'>in</span> <span class='ocrx_word' id='word_1_109' title='bbox 1250 2359 1412 2442; x_wconf 75' lang='lat' dir='ltr'>natura,</span> <span class='ocrx_word' id='word_1_110' title='bbox 1440 2339 1546 2418; x_wconf 89' lang='lat' dir='ltr'>nulla</span> <span class='ocrx_word' id='word_1_111' title='bbox 1569 2359 1755 2440; x_wconf 87' lang='lat' dir='ltr'>augmen·</span> 
     </span>
     <span class='ocr_line' id='line_1_17' title="bbox 416 2435 1755 2558; baseline -0.004 -40"><span class='ocrx_word' id='word_1_112' title='bbox 416 2439 537 2553; x_wconf 73' lang='lat' dir='ltr'>tatiu,</span> <span class='ocrx_word' id='word_1_113' title='bbox 559 2445 663 2556; x_wconf 80' lang='lat' dir='ltr'>nulla</span> <span class='ocrx_word' id='word_1_114' title='bbox 680 2443 916 2558; x_wconf 72' lang='lat' dir='ltr'>diminutip,</span> <span class='ocrx_word' id='word_1_115' title='bbox 936 2447 1041 2526; x_wconf 85' lang='lat' dir='ltr'>nulla</span> <span class='ocrx_word' id='word_1_116' title='bbox 1057 2445 1258 2546; x_wconf 78' lang='lat' dir='ltr'>alteratio,</span> <span class='ocrx_word' id='word_1_117' title='bbox 1284 2443 1389 2526; x_wconf 91' lang='lat' dir='ltr'>nulla</span> <span class='ocrx_word' id='word_1_118' title='bbox 1413 2441 1631 2544; x_wconf 81' lang='lat' dir='ltr'>generatio,</span> <span class='ocrx_word' id='word_1_119' title='bbox 1649 2435 1755 2534; x_wconf 79' lang='lat' dir='ltr'>nulla</span> 
     </span>
     <span class='ocr_line' id='line_1_18' title="bbox 417 2541 1754 2647; baseline -0.003 -27"><span class='ocrx_word' id='word_1_120' title='bbox 417 2557 660 2645; x_wconf 82' lang='lat' dir='ltr'>corrupt103</span> <span class='ocrx_word' id='word_1_121' title='bbox 686 2561 833 2622; x_wconf 89' lang='lat' dir='ltr'>utnon</span> <span class='ocrx_word' id='word_1_122' title='bbox 863 2548 1061 2626; x_wconf 83' lang='lat' dir='ltr'>rrnmerito</span> <span class='ocrx_word' id='word_1_123' title='bbox 1090 2546 1294 2647; x_wconf 81' lang='lat' dir='ltr'>praecipua</span> <span class='ocrx_word' id='word_1_124' title='bbox 1314 2569 1411 2626; x_wconf 83' lang='lat' dir='ltr'>cura</span> <span class='ocrx_word' id='word_1_125' title='bbox 1432 2565 1558 2642; x_wconf 77' lang='lat' dir='ltr'>motus,</span> <span class='ocrx_word' id='word_1_126' title='bbox 1586 2541 1754 2642; x_wconf 86' lang='lat' dir='ltr'>ejusque</span> 
     </span>
     <span class='ocr_line' id='line_1_19' title="bbox 398 2643 1486 2752; baseline 0.006 -38"><span class='ocrx_word' id='word_1_127' title='bbox 398 2707 400 2714; x_wconf 79' lang='grc'>,</span> <span class='ocrx_word' id='word_1_128' title='bbox 417 2643 524 2745; x_wconf 85' lang='lat' dir='ltr'>leges</span> <span class='ocrx_word' id='word_1_129' title='bbox 543 2667 563 2718; x_wconf 87' lang='lat' dir='ltr'>a</span> <span class='ocrx_word' id='word_1_130' title='bbox 581 2647 759 2752; x_wconf 85' lang='lat' dir='ltr'>Physrces</span> <span class='ocrx_word' id='word_1_131' title='bbox 782 2646 1025 2728; x_wconf 82' lang='lat' dir='ltr'>auditoribus</span> <span class='ocrx_word' id='word_1_132' title='bbox 1051 2647 1260 2730; x_wconf 85' lang='lat' dir='ltr'>examinari</span> <span class='ocrx_word' id='word_1_133' title='bbox 1276 2645 1486 2750; x_wconf 79' lang='lat' dir='ltr'>postulent.</span> 
     </span>
     <span class='ocr_line' id='line_1_20' title="bbox 400 2741 1754 2864; baseline -0.009 -32"><span class='ocrx_word' id='word_1_134' title='bbox 400 2824 404 2832; x_wconf 84' lang='lat'>.</span> <span class='ocrx_word' id='word_1_135' title='bbox 518 2752 556 2846; x_wconf 82' lang='lat'>§·</span> <span class='ocrx_word' id='word_1_136' title='bbox 576 2767 640 2850; x_wconf 84' lang='lat'>79.</span> <span class='ocrx_word' id='word_1_137' title='bbox 675 2753 821 2864; x_wconf 82' lang='lat' dir='ltr'>Neque</span> <span class='ocrx_word' id='word_1_138' title='bbox 856 2765 984 2830; x_wconf 89' lang='lat' dir='ltr'>tamen</span> <span class='ocrx_word' id='word_1_139' title='bbox 1014 2747 1100 2828; x_wconf 85' lang='lat' dir='ltr'>aliae</span> <span class='ocrx_word' id='word_1_140' title='bbox 1132 2751 1368 2832; x_wconf 87' lang='lat' dir='ltr'>mutationes</span> <span class='ocrx_word' id='word_1_141' title='bbox 1393 2767 1560 2848; x_wconf 75' lang='lat' dir='ltr'>omnes,</span> <span class='ocrx_word' id='word_1_142' title='bbox 1589 2768 1683 2848; x_wconf 86' lang='lat' dir='ltr'>quae</span> <span class='ocrx_word' id='word_1_143' title='bbox 1710 2741 1754 2820; x_wconf 91' lang='lat' dir='ltr'>in</span> 
     </span>
     <span class='ocr_line' id='line_1_21' title="bbox 417 2841 1754 2954; baseline -0.011 -20"><span class='ocrx_word' id='word_1_144' title='bbox 417 2849 565 2934; x_wconf 85' lang='lat' dir='ltr'>naturis</span> <span class='ocrx_word' id='word_1_145' title='bbox 584 2873 790 2954; x_wconf 77' lang='lat' dir='ltr'>corporeis</span> <span class='ocrx_word' id='word_1_146' title='bbox 812 2867 1008 2954; x_wconf 87' lang='lat' dir='ltr'>perpetuo</span> <span class='ocrx_word' id='word_1_147' title='bbox 1032 2865 1283 2952; x_wconf 83' lang='lat' dir='ltr'>recurrunt,</span> <span class='ocrx_word' id='word_1_148' title='bbox 1317 2846 1470 2928; x_wconf 89' lang='lat' dir='ltr'>censeri</span> <span class='ocrx_word' id='word_1_149' title='bbox 1499 2843 1652 2948; x_wconf 78' lang='lat' dir='ltr'>potsunt</span> <span class='ocrx_word' id='word_1_150' title='bbox 1677 2841 1754 2922; x_wconf 76' lang='lat' dir='ltr'>elie</span> 
     </span>
     <span class='ocr_line' id='line_1_22' title="bbox 333 2944 1754 3054; baseline -0.009 -24"><span class='ocrx_word' id='word_1_151' title='bbox 333 2988 337 2994; x_wconf 96' lang='lat'>·</span> <span class='ocrx_word' id='word_1_152' title='bbox 418 2953 617 3050; x_wconf 76' lang='lat' dir='ltr'>membra,</span> <span class='ocrx_word' id='word_1_153' title='bbox 645 2976 737 3053; x_wconf 86' lang='lat' dir='ltr'>quae</span> <span class='ocrx_word' id='word_1_154' title='bbox 756 2978 926 3032; x_wconf 75' lang='lat' dir='ltr'>moramur</span> <span class='ocrx_word' id='word_1_155' title='bbox 938 2963 983 3054; x_wconf 77' lang='lat' dir='ltr'>fic</span> <span class='ocrx_word' id='word_1_156' title='bbox 1000 2979 1093 3032; x_wconf 89' lang='lat' dir='ltr'>curn</span> <span class='ocrx_word' id='word_1_157' title='bbox 1110 2953 1224 3032; x_wconf 73' lang='lat' dir='ltr'>locati</span> <span class='ocrx_word' id='word_1_158' title='bbox 1249 2947 1547 3030; x_wconf 85' lang='lat' dir='ltr'>motuunivoca&#39;</span> <span class='ocrx_word' id='word_1_159' title='bbox 1563 2944 1754 3026; x_wconf 82' lang='lat' dir='ltr'>divifione</span> 
     </span>
     <span class='ocr_line' id='line_1_23' title="bbox 420 3047 1756 3154; baseline -0.005 -26"><span class='ocrx_word' id='word_1_160' title='bbox 420 3047 664 3154; x_wconf 84' lang='lat' dir='ltr'>partiantur3</span> <span class='ocrx_word' id='word_1_161' title='bbox 688 3059 901 3130; x_wconf 75' lang='lat' dir='ltr'>cumbulis</span> <span class='ocrx_word' id='word_1_162' title='bbox 922 3055 1107 3136; x_wconf 85' lang='lat' dir='ltr'>duntaxat</span> <span class='ocrx_word' id='word_1_163' title='bbox 1131 3079 1231 3138; x_wconf 67' lang='lat' dir='ltr'>nrorm</span> <span class='ocrx_word' id='word_1_164' title='bbox 1261 3051 1486 3152; x_wconf 82' lang='lat' dir='ltr'>dignitatem</span> <span class='ocrx_word' id='word_1_165' title='bbox 1513 3048 1644 3129; x_wconf 80' lang='lat' dir='ltr'>motus</span> <span class='ocrx_word' id='word_1_166' title='bbox 1665 3065 1756 3146; x_wconf 88' lang='lat' dir='ltr'>pro-</span> 
     </span>
     <span class='ocr_line' id='line_1_24' title="bbox 421 3145 1754 3252; baseline -0.005 -25"><span class='ocrx_word' id='word_1_167' title='bbox 421 3147 510 3252; x_wconf 83' lang='lat' dir='ltr'>prie</span> <span class='ocrx_word' id='word_1_168' title='bbox 529 3149 728 3248; x_wconf 73' lang='lat' dir='ltr'>obtineat,</span> <span class='ocrx_word' id='word_1_169' title='bbox 755 3165 874 3252; x_wconf 88' lang='lat' dir='ltr'>atque</span> <span class='ocrx_word' id='word_1_170' title='bbox 890 3151 976 3232; x_wconf 85' lang='lat' dir='ltr'>aliae</span> <span class='ocrx_word' id='word_1_171' title='bbox 997 3151 1236 3232; x_wconf 86' lang='lat' dir='ltr'>mutationes</span> <span class='ocrx_word' id='word_1_172' title='bbox 1260 3153 1374 3252; x_wconf 86' lang='lat' dir='ltr'>hujus</span> <span class='ocrx_word' id='word_1_173' title='bbox 1393 3151 1526 3230; x_wconf 87' lang='lat' dir='ltr'>localis</span> <span class='ocrx_word' id='word_1_174' title='bbox 1543 3163 1672 3232; x_wconf 89' lang='lat' dir='ltr'>motus</span> <span class='ocrx_word' id='word_1_175' title='bbox 1683 3145 1754 3222; x_wconf 75' lang='lat' dir='ltr'>fint</span> 
     </span>
     <span class='ocr_line' id='line_1_25' title="bbox 422 3245 921 3346; baseline -0.018 -15"><span class='ocrx_word' id='word_1_176' title='bbox 422 3249 521 3344; x_wconf 87' lang='lat' dir='ltr'>meri</span> <span class='ocrx_word' id='word_1_177' title='bbox 539 3245 717 3346; x_wconf 62' lang='lat' dir='ltr'>effebus.</span> <span class='ocrx_word' id='word_1_178' title='bbox 919 3315 921 3322; x_wconf 89' lang='lat'><em>.</em></span> 
     </span>
    </p>

    <p class='ocr_par' dir='ltr' id='par_1_5' title="bbox 419 3349 1756 4272">
     <span class='ocr_line' id='line_1_26' title="bbox 524 3349 1754 3458; baseline -0.002 -26"><span class='ocrx_word' id='word_1_179' title='bbox 524 3353 557 3458; x_wconf 69' lang='lat' dir='ltr'>b.</span> <span class='ocrx_word' id='word_1_180' title='bbox 584 3362 646 3442; x_wconf 88' lang='lat'>80.</span> <span class='ocrx_word' id='word_1_181' title='bbox 675 3349 779 3430; x_wconf 90' lang='lat' dir='ltr'>Nihil</span> <span class='ocrx_word' id='word_1_182' title='bbox 797 3351 867 3430; x_wconf 87' lang='lat' dir='ltr'>hac</span> <span class='ocrx_word' id='word_1_183' title='bbox 884 3353 1113 3434; x_wconf 81' lang='lat' dir='ltr'>usstatissrma</span> <span class='ocrx_word' id='word_1_184' title='bbox 1134 3359 1234 3434; x_wconf 78' lang='lat' dir='ltr'>monb</span> <span class='ocrx_word' id='word_1_185' title='bbox 1262 3355 1427 3434; x_wconf 90' lang='lat' dir='ltr'>notione</span> <span class='ocrx_word' id='word_1_186' title='bbox 1454 3353 1628 3434; x_wconf 88' lang='lat' dir='ltr'>humanis</span> <span class='ocrx_word' id='word_1_187' title='bbox 1650 3375 1754 3430; x_wconf 89' lang='lat' dir='ltr'>rnen·</span> 
     </span>
     <span class='ocr_line' id='line_1_27' title="bbox 422 3451 1753 3554; baseline -0.007 -16"><span class='ocrx_word' id='word_1_188' title='bbox 422 3453 524 3550; x_wconf 79' lang='lat' dir='ltr'>tibus</span> <span class='ocrx_word' id='word_1_189' title='bbox 542 3451 596 3532; x_wconf 89' lang='lat' dir='ltr'>est</span> <span class='ocrx_word' id='word_1_190' title='bbox 612 3451 854 3553; x_wconf 85' lang='lat' dir='ltr'>exploratius</span> <span class='ocrx_word' id='word_1_191' title='bbox 880 3487 890 3534; x_wconf 75' lang='grc' dir='ltr'><strong><em>ι</em></strong></span> <span class='ocrx_word' id='word_1_192' title='bbox 914 3481 1001 3536; x_wconf 81' lang='lat' dir='ltr'>motu</span> <span class='ocrx_word' id='word_1_193' title='bbox 1026 3474 1268 3538; x_wconf 85' lang='lat' dir='ltr'>exercentur</span> <span class='ocrx_word' id='word_1_194' title='bbox 1290 3457 1456 3534; x_wconf 84' lang='lat' dir='ltr'>humana</span> <span class='ocrx_word' id='word_1_195' title='bbox 1481 3478 1683 3554; x_wconf 71' lang='lat' dir='ltr'>corpora,</span> <span class='ocrx_word' id='word_1_196' title='bbox 1714 3465 1753 3530; x_wconf 91' lang='lat' dir='ltr'>ut</span> 
     </span>
     <span class='ocr_line' id='line_1_28' title="bbox 423 3553 1754 3658; baseline -0.009 -18"><span class='ocrx_word' id='word_1_197' title='bbox 423 3553 785 3658; x_wconf 45' lang='lat' dir='ltr'>vitae„societatis,</span> <span class='ocrx_word' id='word_1_198' title='bbox 808 3557 845 3635; x_wconf 71' lang='grc' dir='ltr'>δι</span> <span class='ocrx_word' id='word_1_199' title='bbox 872 3555 1055 3638; x_wconf 84' lang='lat' dir='ltr'>amicitiae</span> <span class='ocrx_word' id='word_1_200' title='bbox 1080 3575 1268 3640; x_wconf 90' lang='lat' dir='ltr'>tueantur</span> <span class='ocrx_word' id='word_1_201' title='bbox 1288 3557 1402 3654; x_wconf 84' lang='lat' dir='ltr'>jura:</span> <span class='ocrx_word' id='word_1_202' title='bbox 1429 3559 1559 3636; x_wconf 71' lang='lat' dir='ltr'>moribus</span> <span class='ocrx_word' id='word_1_203' title='bbox 1577 3555 1754 3634; x_wconf 80' lang='lat' dir='ltr'>caelestes</span> 
     </span>
     <span class='ocr_line' id='line_1_29' title="bbox 425 3653 1754 3774; baseline -0.008 -34"><span class='ocrx_word' id='word_1_204' title='bbox 425 3664 542 3750; x_wconf 81' lang='lat' dir='ltr'>nrbes</span> <span class='ocrx_word' id='word_1_205' title='bbox 572 3660 752 3740; x_wconf 88' lang='lat' dir='ltr'>tenebras</span> <span class='ocrx_word' id='word_1_206' title='bbox 777 3659 1101 3774; x_wconf 80' lang='lat' dir='ltr'>interrumpunt,</span> <span class='ocrx_word' id='word_1_207' title='bbox 1138 3681 1339 3759; x_wconf 88' lang='lat' dir='ltr'>omneque</span> <span class='ocrx_word' id='word_1_208' title='bbox 1371 3657 1593 3739; x_wconf 87' lang='lat' dir='ltr'>officiorum</span> <span class='ocrx_word' id='word_1_209' title='bbox 1622 3653 1754 3736; x_wconf 87' lang='lat' dir='ltr'>soedus</span> 
     </span>
     <span class='ocr_line' id='line_1_30' title="bbox 419 3755 1756 3864; baseline -0.006 -24"><span class='ocrx_word' id='word_1_210' title='bbox 419 3785 511 3840; x_wconf 79' lang='lat' dir='ltr'>motu</span> <span class='ocrx_word' id='word_1_211' title='bbox 525 3759 763 3862; x_wconf 87' lang='lat' dir='ltr'>persolvitur</span> <span class='ocrx_word' id='word_1_212' title='bbox 781 3785 795 3862; x_wconf 77' lang='grc' dir='ltr'><strong>ς</strong></span> <span class='ocrx_word' id='word_1_213' title='bbox 821 3777 865 3842; x_wconf 94' lang='lat' dir='ltr'>ut</span> <span class='ocrx_word' id='word_1_214' title='bbox 881 3785 1080 3844; x_wconf 79' lang='lat' dir='ltr'>neminem</span> <span class='ocrx_word' id='word_1_215' title='bbox 1102 3780 1304 3864; x_wconf 86' lang='lat' dir='ltr'>quemque</span> <span class='ocrx_word' id='word_1_216' title='bbox 1325 3759 1521 3862; x_wconf 78' lang='lat' dir='ltr'>reperias,</span> <span class='ocrx_word' id='word_1_217' title='bbox 1543 3757 1612 3863; x_wconf 93' lang='lat' dir='ltr'>qui</span> <span class='ocrx_word' id='word_1_218' title='bbox 1630 3755 1756 3854; x_wconf 87' lang='lat' dir='ltr'>prola·</span> 
     </span>
     <span class='ocr_line' id='line_1_31' title="bbox 426 3854 1755 3976; baseline -0.009 -31"><span class='ocrx_word' id='word_1_219' title='bbox 426 3882 503 3946; x_wconf 85' lang='lat' dir='ltr'>tam</span> <span class='ocrx_word' id='word_1_220' title='bbox 528 3881 630 3937; x_wconf 81' lang='lat' dir='ltr'>motus</span> <span class='ocrx_word' id='word_1_221' title='bbox 649 3885 789 3942; x_wconf 88' lang='lat' dir='ltr'>vocem</span> <span class='ocrx_word' id='word_1_222' title='bbox 814 3889 895 3946; x_wconf 89' lang='lat' dir='ltr'>non</span> <span class='ocrx_word' id='word_1_223' title='bbox 913 3865 1020 3942; x_wconf 91' lang='lat' dir='ltr'>ultro</span> <span class='ocrx_word' id='word_1_224' title='bbox 1047 3861 1235 3974; x_wconf 79' lang='lat' dir='ltr'>intelligat</span> <span class='ocrx_word' id='word_1_225' title='bbox 1253 3863 1378 3941; x_wconf 89' lang='lat' dir='ltr'>multo</span> <span class='ocrx_word' id='word_1_226' title='bbox 1396 3861 1577 3960; x_wconf 71' lang='lat' dir='ltr'>felicius,</span> <span class='ocrx_word' id='word_1_227' title='bbox 1598 3854 1755 3976; x_wconf 77' lang='lat' dir='ltr'>quamsi</span> 
     </span>
     <span class='ocr_line' id='line_1_32' title="bbox 427 3959 1756 4070; baseline -0.011 -22"><span class='ocrx_word' id='word_1_228' title='bbox 427 3959 738 4064; x_wconf 79' lang='lat' dir='ltr'>Aristotelicam,</span> <span class='ocrx_word' id='word_1_229' title='bbox 765 3981 830 4044; x_wconf 88' lang='lat' dir='ltr'>aut</span> <span class='ocrx_word' id='word_1_230' title='bbox 847 3986 1129 4070; x_wconf 85' lang='lat' dir='ltr'>quamcunque</span> <span class='ocrx_word' id='word_1_231' title='bbox 1148 3964 1256 4040; x_wconf 83' lang='lat' dir='ltr'>altam</span> <span class='ocrx_word' id='word_1_232' title='bbox 1280 4017 1294 4062; x_wconf 75' lang='lat'><strong>‚</strong></span> <span class='ocrx_word' id='word_1_233' title='bbox 1330 3979 1471 4064; x_wconf 85' lang='lat' dir='ltr'>arguto</span> <span class='ocrx_word' id='word_1_234' title='bbox 1493 3963 1654 4062; x_wconf 79' lang='lat' dir='ltr'>ingenio</span> <span class='ocrx_word' id='word_1_235' title='bbox 1670 3981 1756 4056; x_wconf 89' lang='lat' dir='ltr'>par-</span> 
     </span>
     <span class='ocr_line' id='line_1_33' title="bbox 427 4060 1753 4170; baseline -0.008 -22"><span class='ocrx_word' id='word_1_236' title='bbox 427 4085 530 4165; x_wconf 74' lang='lat' dir='ltr'>tam,</span> <span class='ocrx_word' id='word_1_237' title='bbox 557 4087 659 4158; x_wconf 71' lang='lat' dir='ltr'>arrosus¹</span> <span class='ocrx_word' id='word_1_238' title='bbox 672 4065 945 4160; x_wconf 22' lang='lat' dir='ltr'>*definitionem</span> <span class='ocrx_word' id='word_1_239' title='bbox 963 4065 1115 4146; x_wconf 78' lang='lat' dir='ltr'>afferas,</span> <span class='ocrx_word' id='word_1_240' title='bbox 1166 4069 1283 4170; x_wconf 60' lang='lat' dir='ltr'>sequid</span> <span class='ocrx_word' id='word_1_241' title='bbox 1300 4079 1404 4162; x_wconf 66' lang='lat' dir='ltr'>erum,</span> <span class='ocrx_word' id='word_1_242' title='bbox 1426 4061 1476 4140; x_wconf 89' lang='lat' dir='ltr'>ait</span> <span class='ocrx_word' id='word_1_243' title='bbox 1501 4061 1646 4144; x_wconf 88' lang='lat' dir='ltr'>Lokius</span> <span class='ocrx_word' id='word_1_244' title='bbox 1666 4060 1753 4140; x_wconf 89' lang='lat' dir='ltr'>Lib.</span> 
     </span>
     <span class='ocr_line' id='line_1_34' title="bbox 426 4163 1756 4272; baseline -0.008 -23"><span class='ocrx_word' id='word_1_245' title='bbox 426 4171 501 4251; x_wconf 85' lang='lat' dir='ltr'><strong>III·</strong></span> <span class='ocrx_word' id='word_1_246' title='bbox 521 4172 614 4264; x_wconf 71' lang='lat' dir='ltr'><strong>Cap·</strong></span> <span class='ocrx_word' id='word_1_247' title='bbox 636 4192 673 4262; x_wconf 82' lang='lat'>4.</span> <span class='ocrx_word' id='word_1_248' title='bbox 695 4165 745 4244; x_wconf 83' lang='lat' dir='ltr'>de</span> <span class='ocrx_word' id='word_1_249' title='bbox 762 4167 932 4248; x_wconf 78' lang='lat' dir='ltr'>humano</span> <span class='ocrx_word' id='word_1_250' title='bbox 958 4163 1187 4268; x_wconf 68' lang='lat' dir='ltr'>intellestu,</span> <span class='ocrx_word' id='word_1_251' title='bbox 1216 4173 1385 4252; x_wconf 71' lang='lat' dir='ltr'>humanum</span> <span class='ocrx_word' id='word_1_252' title='bbox 1410 4173 1564 4272; x_wconf 73' lang='lat' dir='ltr'>ingenium</span> <span class='ocrx_word' id='word_1_253' title='bbox 1587 4171 1756 4265; x_wconf 70' lang='lat' dir='ltr'>excogitare</span> 
     </span>
    </p>

    <p class='ocr_par' dir='ltr' id='par_1_6' title="bbox 1602 4277 1708 4372">
     <span class='ocr_line' id='line_1_35' title="bbox 1602 4277 1708 4372; baseline -0.009 -31"><span class='ocrx_word' id='word_1_254' title='bbox 1602 4277 1708 4372; x_wconf 76' lang='lat' dir='ltr'>potuit</span> 
     </span>
    </p>
   </div>
   <div class='ocr_carea' id='block_1_5' title="bbox 0 0 1974 4948">
    <p class='ocr_par' dir='ltr' id='par_1_7' title="bbox 0 0 1974 4948">
     <span class='ocr_line' id='line_1_36' title="bbox 0 0 1974 4948; baseline 0 0"><span class='ocrx_word' id='word_1_255' title='bbox 0 0 1974 4948; x_wconf 95' lang='lat' dir='ltr'> </span> 
     </span>
    </p>
   </div>
  </div>
 </body>
</html>
