3782 4958
446 495 730 575 Pauuacrro
752 491 825 572 IV.
851 489 1081 576 DuAanu.
1128 471 1130 478 ’
1367 517 1438 602 331

151 695 264 786 qum
283 677 414 778 enim,
440 700 676 784 quacunque
693 675 907 758 variatione
926 675 1159 780 tempestatis
1178 669 1411 781 accedente,
1434 703 1489 770 at·

149 783 368 884 nrosphaera
385 789 499 860 aerea
518 781 564 860 ad
583 779 770 859 decimam
788 779 845 860 sui
876 779 1060 882 ponderis
1075 796 1221 880 partem
1248 781 1500 868 debilitatur-⁴

14 883 15 890 ‘
150 883 269 990 Quod
289 883 316 962 sr
335 881 493 964 demum
512 909 579 962 vas
607 885 681 964 hoc
698 877 959 985 cylindricum
986 887 1080 980 AB,
1106 909 1293 965 unacum
1321 889 1488 986 ampulla

152 993 251 1088 CD,
278 985 405 1065 libero
431 985 509 1066 aeri
531 997 768 1085 exponatur,
794 984 1000 1066 videbitur
1025 985 1133 1074 bulla
1160 988 1258 1066 ae’ris
1280 993 1351 1068 CG
1376 989 1485 1071 lente

14 1157 15 1160 a
128 1088 351 1190 imminui,
378 1101 494 1188 atque
511 1087 562 1168 src
580 1085 839 1184 evanescere,
866 1101 909 1168 ut
930 1097 998 1164 aer
1013 1085 1105 1188 ille,
1130 1088 1196 1192 qui
1216 1113 1264 1167 ex
1278 1117 1373 1192 aqua
1392 1092 1496 1176 edu--

146 1195 234 1276 uus
249 1191 332 1290 est,
351 1187 488 1268 senfim
506 1191 552 1268 ab
571 1189 708 1270 eadem
730 1187 964 1291 imbibatur,
986 1189 1207 1292 &ampulla
1225 1195 1299 1274 CD
1318 1194 1483 1294 primam

146 1319 260 1401 aquae
277 1288 561 1393 plenitudinem
578 1293 735 1372 reserat.
998 1382 999 1386 Ν
1437 1367 1440 1374 .

246 1403 307 1478 Ex
324 1393 409 1474 aliis
425 1393 661 1498 liquoribus,
680 1409 845 1495 argento
863 1394 983 1496 vivo,
1005 1391 1124 1497 vino,
1152 1399 1354 1500 cerevisia,
1374 1401 1484 1502 oleo,

146 1500 262 1600 laste,
282 1494 483 1596 sanguine,
502 1525 577 1577 ovo
597 1499 667 1577 &u
693 1495 830 1594 eadem
859 1497 1014 1579 ratione
1037 1497 1248 1596 expellitur
1273 1511 1370 1602 aer3
1413 1507 1499 1586 ubi.

146 1619 280 1684 tamen
300 1594 399 1678 illud
416 1597 748 1679 animadverfione
767 1598 927 1700 dignum
948 1601 1129 1700 recurrit,
1155 1599 1261 1704 quod
1283 1629 1330 1681 ex
1347 1607 1483 1688 eadem

144 1704 363 1808 quantitate
382 1696 623 1780 diversorum
646 1703 846 1804 liquorum
870 1699 1022 1780 diuersa
1047 1701 1146 1782 atris
1171 1706 1361 1807 quantitas
1386 1709 1496 1808 edu<

143 1821 286 1904 catur3
315 1815 501 1909 quantum
521 1825 662 1904 nempe
676 1803 775 1885 aeris
794 1801 938 1882 diverfi
956 1806 1127 1906 liquores
1145 1805 1187 1887 in
1205 1807 1245 1886 se
1261 1812 1479 1915 continent,

143 1903 376 1991 tantundem
400 1899 451 1980 de
469 1903 616 1985 intimis
642 1929 777 1988 eorum
802 1903 1019 1987 visceribus
1043 1906 1228 2006 scaturit3
1257 1910 1388 1992 oleum
1407 1930 1481 1995 tar*

143 2011 216 2094 tari
245 2031 315 2110 per
336 2002 551 2108 deliquium
577 2003 619 2086 in
643 2031 770 2088 vacuo
796 2004 930 2084 antliae
955 2007 1118 2109 pofitum
1145 2007 1251 2088 nihil·
1270 2013 1357 2090 sere
1383 2019 1484 2097 aeris

143 2115 239 2212 data
265 2107 374 2214 quod
391 2123 621 2209 argumento
642 2111 698 2191 est
745 2122 870 2212 partes
888 2107 994 2192 illius
1023 2109 1100 2190 olei
1122 2110 1225 2189 bene
1246 2115 1481 2200 cohaerere:

141 2217 271 2298 Urina
286 2207 440 2309 calida,
466 2207 619 2289 reddita
635 2213 682 2290 ab
704 2165 887 2310 immine,
914 2211 1016 2292 bene
1038 2211 1155 2312 sano,
1181 2239 1297 2294 mane
1313 2219 1396 2317 post
1422 2245 1484 2299 ca-

142 2337 247 2423 ptam
271 2313 501 2396 nouurnam
523 2311 695 2415 quietem
718 2367 731 2414 ,
758 2331 927 2412 ponatur
947 2313 989 2393 in
1016 2311 1234 2414 recipiente
1261 2319 1421 2414 antliaea
1451 2321 1480 2401 fi

142 2431 214 2503 aer
237 2423 313 2522 jam
339 2437 516 2516 eousque
547 2415 667 2494 suerit
691 2415 925 2517 exhaustus,
952 2431 996 2495 ut
1022 2418 1317 2523 barometrum,
1345 2425 1479 2506 antliae

11 2571 13 2580 .
140 2521 393 2622 adjunttum,
419 2531 549 2597 teneat
562 2517 788 2618 suspensum
804 2522 1047 2600 mercurium
1068 2513 1116 2596 ad
1137 2529 1186 2606 26
1205 2519 1372 2628 digitos,
1394 2527 1483 2608 nul·

140 2629 229 2717 lum
249 2619 410 2704 omnino
435 2613 541 2694 dabit
555 2619 678 2700 calida
698 2618 894 2702 illaurina
919 2619 1134 2716 indicium3
1171 2637 1207 2701 at
1229 2625 1256 2702 sa
1282 2628 1485 2713 continue-

138 2743 211 2808 tur
226 2725 326 2804 aeris
341 2717 527 2798 extractio
547 2745 668 2826 usque
686 2749 757 2822 eo,
784 2737 828 2803 ut
846 2723 1065 2802 mercurius
1076 2720 1123 2800 ad
1140 2749 1188 2821 27
1200 2725 1484 2826 digitosascen-

140 2829 236 2928 dat3
264 2839 343 2906 tum
364 2820 570 2919 repentina
587 2825 738 2904 orietur
763 2823 941 2901 ebullitio
965 2824 1005 2899 in
1032 2824 1149 2902 urina
1168 2853 1179 2924 3
1217 2851 1264 2904 ex
1281 2855 1362 2930 quo
1378 2846 1490 2930 pate·

138 2928 243 3010 scit:
272 2922 525 3005 subtiliffimas
541 2927 698 3025 prorsus
724 2923 822 3005 aeris
839 2923 1044 3025 particulas
1069 2923 1112 3008 in
1134 2927 1264 3009 urinae
1289 2929 1395 3013 illius
1421 2933 1484 3014 in-

136 3029 313 3112 terstitiis
331 3023 538 3108 contineri.

244 3126 309 3212 11!
326 3127 499 3242 Gravitas
521 3127 621 3208 aeris
636 3124 902 3235 undequaque
917 3125 1133 3248 prementis
1158 3129 1232 3214 hoc
1258 3133 1299 3216 in
1326 3139 1647 3249 experturam„

136 3253 276 3318 mento
294 3228 478 3334 patescrt:
527 3227 685 3312 Allume
703 3233 861 3334 follem,
888 3231 1061 3332 ejusdem
1088 3233 1287 3318 orificium
1307 3245 1563 3348 eramus-m

137 3339 211 3417 fim
229 3331 371 3416 claude
387 3355 399 3432 3
427 3357 667 3436 quacunque
684 3335 723 3414 vi
742 3333 912 3416 adhibita
936 3361 1015 3416 non
1042 3339 1189 3436 poteris
1206 3341 1341 3422 follem
1359 3345 1473 3429 illum
1558 3329 1574 3354 '⁰

138 3435 368 3520 distendere
384 3459 396 3535 3
425 3457 567 3533 nempe
584 3454 745 3536 propter
763 3447 914 3538 aerem,
929 3433 1108 3540 undique
1127 3439 1245 3521 latera
1256 3443 1359 3523 follis
1369 3471 1474 3524 com·

132 3545 383 3646 primentem.
434 3536 650 3620 Maximum
676 3557 805 3644 autem
825 3557 1096 3639 argumentum
1126 3548 1226 3624 aeris
1248 3543 1473 3646 gravitantis

134 3645 196 3728 est
215 3649 486 3722 Barometrum
503 3643 554 3740 (l.
576 3647 677 3743 182).
727 3643 851 3740 Ipsam
873 3665 1030 3746 quoque
1051 3642 1152 3722 a'eris
1178 3647 1471 3762 atmosphaeram

134 3743 378 3852 quandoque
402 3741 707 3844 ingravescere,
743 3759 848 3826 notat
881 3745 1056 3824 ascensus
1088 3747 1273 3826 mercurii
1304 3771 1343 3826 1n
1369 3751 1468 3832 tubo

132 3845 441 3935 Turricelliano.
491 3842 814 3946 ClMuffcbnnlroel
831 3843 1244 3958 causasatmospheerae
1259 3849 1471 3955 gravioris,

135 3959 264 4054 &per
281 3947 523 4049 consequens
546 3947 723 4027 ascensus
747 3945 933 4028 mercurii
958 3969 999 4024 m
1024 3946 1243 4032 barometro
1264 3951 1478 4057 sequentes-

133 4052 299 4155 affignat
323 4081 331 4129 :
357 4051 448 4130 dum
470 4053 539 4128 aar
556 4065 798 4131 eventorum
817 4047 1014 4130 concursu
1043 4046 1191 4128 direile
1221 4055 1394 4156 oppofito
1409 4061 1465 4138 as*

132 4155 277 4257 surgit,
305 4149 607 4247 &atmosphaera
623 4151 739 4232 altior
756 4145 887 4230 evadit
914 4177 922 4228 :
951 4147 1041 4231 dum
1067 4150 1235 4252 spirante
1261 4163 1388 4239 Borea
1405 4175 1469 4242 aut

130 4258 337 4368 Aquilone
354 4265 420 4338 aer
437 4251 783 4440 refrigeratum?
799 4251 1061 4338 condensatur
1077 4278 1090 4361 3
1118 4253 1210 4352 hinc
1225 4257 1366 4366 hyeme
1385 4263 1475 4360 ple-¹

780 4369 845 4444 ta
1311 4387 1415 4443 rum·
