3792 4958
211 485 1314 582 Pnan.XVIH.DcMor.Pnoancr.rrAarAExau.
1353 515 1429 598 25⁷

144 681 330 782 oblique:
358 676 486 756 omnis
508 679 657 779 quippe
675 676 835 778 globus,
859 700 881 755 e
904 687 1100 759 tormento
1128 677 1307 776 avolans,
1333 677 1478 756 obiri-

144 783 313 863 &ionem
338 775 520 858 adversus
539 779 726 860 tormenti
747 780 865 858 latera
888 781 1117 881 exercitam,
1144 779 1475 858 obtinetrotatio-

142 909 231 964 nem
259 882 426 983 aliquam
453 903 524 980 per
547 881 653 960 suum
675 900 857 964 centrum
883 881 988 968 circa
1012 905 1142 981 axem3
1170 881 1222 960 ita
1244 895 1288 962 ut
1311 905 1383 980 pro
1407 905 1473 959 va-

141 987 279 1066 rietate
301 981 524 1083 rotationis,
548 981 627 1060 axis
645 983 754 1084 globi
770 985 958 1064 inomnes
973 981 1209 1062 direltiones
1226 981 1369 1062 variari
1388 981 1474 1081 pos·

140 1088 213 1187 fit3
254 1097 347 1188 -Jam,
371 1085 555 1184 quoniam
582 1083 647 1164 hic
666 1099 817 1186 motus,
845 1086 950 1166 circa
975 1109 1085 1166 axem
1112 1085 1220 1186 globi
1247 1083 1474 1184 rotatorius,

139 1188 280 1292 partim
316 1183 512 1284 conspirat
547 1209 637 1266 cum
677 1185 895 1269 directione
929 1188 1037 1287 globi
1079 1185 1351 1286 excurrentis,
1415 1207 1475 1262 ar-

140 1295 210 1372 tim
234 1288 297 1366 illi
312 1285 520 1368 direitioni
535 1289 770 1392 opponitur3
799 1297 867 1369 asr
883 1289 962 1390 ipsa
983 1291 1056 1369 hac
1074 1290 1266 1370 rotatione
1284 1287 1336 1368 ita
1351 1313 1373 1364 a
1417 1286 1470 1365 ci·

140 1405 218 1492 tur,
236 1403 283 1470 ut
300 1393 487 1491 majorem
508 1389 762 1470 refissentiam
778 1391 937 1472 inillam
950 1391 1061 1494 globi
1077 1391 1188 1472 rotati
1200 1405 1346 1490 partem
1364 1411 1475 1466 exer-

141 1509 256 1592 ceat,
290 1515 381 1592 quae
410 1491 532 1574 motui
554 1493 797 1592 progreffivo
826 1495 1050 1610 conspirat:
1084 1493 1280 1572 minorem
1303 1513 1400 1570 vem
1429 1513 1476 1568 ea

140 1597 181 1674 in
196 1607 349 1771 (parte,
382 1591 424 1672 in
457 1618 534 1695 qua
559 1594 698 1674 rotatio
724 1595 845 1676 motui
875 1597 933 1674 illi
961 1595 1202 1698 progreslivo
1229 1594 1473 1695 opponitur3

138 1723 193 1780 un
226 1719 249 1772 e
266 1691 459 1775 necessum
474 1694 578 1794 erit,
605 1694 651 1772 ab
674 1692 782 1774 varia
804 1697 875 1776 hac
893 1697 934 1776 in
953 1699 1116 1798 globum
1134 1695 1311 1795 afflone,
1327 1693 1475 1773 variam

140 1797 299 1901 aglobo
323 1796 496 1874 volante·
509 1793 680 1876 semitam
706 1795 828 1876 iniri:
855 1821 981 1901 eoque
1007 1800 1200 1900 majorem
1220 1799 1317 1878 hanc
1334 1799 1414 1876 vim
1433 1795 1476 1874 in

141 1926 224 1984 una
243 1910 353 1998 parte
367 1897 491 1996 globi,
509 1921 624 1999 quam
646 1899 688 1976 in
711 1897 831 1978 altera
848 1899 960 2000 fieri,
988 1926 1069 2000 quo
1087 1901 1267 1979 velocior
1285 1897 1391 1998 globi
1403 1897 1477 1976 cir·

8 1999 9 2002 ‘
141 2029 186 2083 ca
215 2023 342 2094 axem,
360 2026 381 2076 a
397 2013 506 2077 motu
521 2002 767 2100 progressrvo
787 1998 1002 2100 diversum,
1017 2000 1138 2081 suerit
1154 2001 1302 2080 rotatio.
1353 1997 1485 2081 Vides

141 2107 220 2206 jam
241 2101 411 2197 causam,
436 2123 645 2202 quarenam
674 2101 816 2180 sulcata
843 2102 909 2182 seu
934 2102 1062 2184 striata
1088 2103 1257 2202 sclopeta
1275 2100 1418 2180 certius
1434 2102 1477 2182 in

140 2205 306 2305 scopum
336 2202 564 2300 collimant,
592 2223 757 2302 nempe,
780 2203 873 2305 quia
899 2207 951 2282 ob
969 2205 1098 2285 sulcos
1124 2205 1191 2284 seu
1208 2203 1393 2283 ,cochleas
1419 2219 1481 2284 tu·

8 2379 10 2398 .
141 2309 185 2392 bi
213 2307 414 2404 internas,
450 2303 565 2384 talem
591 2303 712 2402 globo
737 2304 970 2386 rotationem
997 2305 1161 2408 indunt,
1192 2303 1340 2385 utaxis
1372 2303 1480 2405 globi

8 2515 10 2560 ³
142 2512 205 2591 vis
244 2509 352 2590 enim
404 2507 455 2586 ob
493 2505 700 2586 fortiorem
744 2507 810 2607 glo

8 2399 10 2486 ἶ
147 2407 340 2490 avolantis
355 2406 475 2487 motui
491 2405 737 2505 progreffivo
754 2403 798 2483 fit
811 2407 1099 2584 propemodum
1115 2405 1338 2508 parallelusa
1351 2431 1483 2509 quam-

839 2507 850 2585 i
887 2533 978 2592 cum
1018 2513 1113 2591 tubo
1162 2511 1295 2592 striato
1335 2509 1485 2590 melio-

140 2636 278 2712 nem,
318 2608 503 2690 velocitas
546 2607 784 2706 ejuscemodi
825 2611 1039 2694 necessario
1075 2612 1250 2692 deficere
1301 2609 1484 2708 debeat,

139 2717 240 2800 hinc
266 2712 379 2796 ctiam
405 2711 500 2794 tubi
519 2707 577 2786 illi
604 2709 725 2793 striati
751 2711 837 2812 post
865 2711 1029 2814 longum
1054 2716 1196 2813 usum,
1231 2711 1489 2812 complanatis

138 2810 432 2922 quodammodo
459 2811 655 2915 cochleis,
681 2811 837 2910 longius
861 2811 1021 2894 deserre
1051 2815 1211 2913 globum
1236 2813 1484 2915 conspiciun-

139 2935 210 3001 tur
226 2944 240 3018 3
266 2932 396 3000 tamen
414 2911 519 2994 idem
568 2914 680 2996 lobus
696 2927 858 3013 propter
872 2937 1034 3020 gyrum,
1060 2937 1136 3012 ope
1155 2912 1402 2996 cochlearum
1423 2912 1485 2991 in-

142 3017 340 3116 rustum,
365 3043 445 3096 non
466 2936 583 3096 motio
608 3016 655 3096 in
664 3016 770 3094 resia
787 3015 919 3098 semita
937 3015 1186 3115 continetur,
1203 3039 1342 3097 verum
1367 3016 1483 3094 etiam

141 3125 182 3204 sa
209 3130 373 3295 abcessu,
407 3121 445 3200 δι
479 3143 622 3219 corpus
651 3115 832 3198 refistens
865 3117 987 3201 veluti
1028 3113 1296 3218 terebiando,
1329 3115 1489 3222 facilius

170 3237 307 3304 estran
326 3232 365 3296 lt.
411 3301 414 3308 ,
1065 3257 1068 3265 ·

127 3249 169 3345 Ρ
247 3328 276 3425 t.
306 3344 389 3424 313.
460 3319 656 3405 Diversus
682 3319 741 3398 est
765 3317 865 3419 apud
889 3321 1014 3400 vaiias-
1036 3335 1171 3420 gentes
1193 3333 1483 3400 tormentorum
1495 3331 1637 3403 Variam

141 3437 372 3526 apparatus:
408 3424 616 3502 mammum
648 3419 751 3521 apud
786 3426 1002 3510 Germanos
1026 3436 1264 3501 tormentum
1292 3419 1655 3521 pondera-tormento-

141 3551 194 3609 re
219 3525 433 3608 consuescit
457 3549 562 3628 9000
588 3522 734 3618 libram
770 3523 909 3622 globus
939 3547 1065 3626 vero,
1097 3527 1164 3626 qui
1191 3524 1264 3601 hoc
1287 3533 1575 3604 tormentorum.

142 3629 326 3732 ejicitur,
353 3641 401 3720 48
429 3628 546 3704 libras
564 3622 757 3724 appendit
765 3651 777 3724 3
804 3626 948 3706 mediae
975 3622 1256 3726 magnitudinis
1287 3636 1484 3700 tormento

143 3731 361 3835 ejiciuntur
378 3727 485 3844 globi
509 3755 558 3825 24
574 3727 788 3806 librarum:
816 3749 839 3804 e
860 3729 1074 3808 Falconem
1091 3724 1200 3825 globi
1218 3723 1331 3802 unius
1349 3721 1487 3801 librae:

144 3860 199 3928 ox
226 3831 463 3932 serpentinel
491 3843 517 3927 g
545 3829 660 3908 librae
686 3827 805 3926 globi.
831 3900 836 3916 ,
889 3829 1044 3907 Minora
1070 3828 1156 3906 sunt
1178 3839 1368 3906 tormenta
1395 3826 1485 3903 Gal·

147 3940 305 4033 lorum,
332 3931 590 4032 Hispanorum
611 3944 726 4030 atque
745 3931 994 4028 Anglorum:
1022 3927 1226 4006 maximum
1245 3941 1483 4007 tormentum

147 4064 237 4120 non
271 4031 426 4112 excedit
463 4031 564 4132 apud
597 4031 730 4124 Gallos
756 4036 860 4118 6200
894 4030 1037 4110 libras:
1072 4025 1356 4130 apudnnglos
1384 4037 1485 4115 8000

145 4141 219 4220 lib.
272 4143 472 4218 Caeterum
500 4132 775 4232 experimentis
803 4147 1055 4233 compertum
1075 4131 1164 4230 est,
1190 4133 1329 4228 globos
1352 4133 1486 4210 incen-

149 4239 299 4328 diarios
325 4233 599 4344 extormpntis
618 4233 873 4420 breviorijbui
893 4235 1012 4338 magis
1026 4236 1169 4338 procul
1184 4233 1354 4335 de-serri,
1371 4253 1487 4333 quam

213 4403 218 4442 ι
1387 4353 1437 4408 ex
