3782 4958
248 485 393 563 Ρηι.
408 479 478 560 nt.
499 473 988 562 DnLucaRerrtrrr
1007 461 1320 558 ar'Rrrrrun.
1375 470 1455 588 4l5

159 687 200 750 te
227 689 424 767 convexa3
448 667 491 750 ,ἃ
511 661 694 744 distantia
710 655 789 746 soci
814 659 855 740 in
874 659 982 742 lente
1007 661 1340 763 plano-convexa
1357 664 1415 746 est
1433 661 1509 746 duae'

158 772 221 871 pla
251 769 366 868 lentis
398 782 567 872 utraque
593 791 647 847 ex
671 785 783 866 parte
815 785 1025 846 convexae.
1112 769 1235 848 Porro
1261 767 1353 872 quia
1379 767 1504 848 lentes

159 895 294 972 cavae,
320 897 420 974 aqua
440 871 636 970 repletae,
663 892 756 973 quae
783 864 896 944 etiam
922 891 997 969 puo
1023 866 1293 969 microscopiis
1320 867 1502 948 adhiberi

157 975 306 1072 solent,
332 970 464 1052 radios
491 970 591 1054 lucis
621 971 750 1051 minus
773 967 1028 1069 refringunt,
1063 995 1178 1074 quam
1211 972 1338 1052 lentes
1359 972 1503 1052 vitreae

155 1073 298 1156 solidae
325 1078 383 1178 (l.
406 1079 536 1177 432),
563 1071 656 1150 hinc
684 1069 903 1154 distantiam
929 1071 1010 1152 soci
1033 1076 1105 1150 ma'
1133 1073 1407 1176 remeabant,
1434 1095 1501 1152 ne·

157 1203 239 1283 que
267 1175 421 1276 objetta
446 1172 668 1277 depingunt
691 1184 798 1254 tanta
824 1171 866 1288 in
892 1099 1189 1276 magnitutiione,
1213 1193 1362 1278 quanta
1377 1176 1504 1258 tentes

7 1297 8 1316 ¹
156 1283 298 1361 vitreae
324 1301 513 1358 convexae
539 1277 679 1358 solent.
728 1279 919 1392 Demque
936 1273 1010 1356 nifi
1030 1276 1226 1377 objectum
1250 1279 1396 1380 inipso
1415 1281 1502 1358 len·

156 1385 206 1465 tis
229 1383 321 1562 fi?
346 1380 635 1482 constituatur,
669 1379 827 1482 semper
849 1399 981 1482 imago
1005 1378 1148 1458 debilis
1184 1381 1222 1460 &
1247 1380 1411 1466 confusa
1439 1405 1503 1486 ap-

185 1511 251 1566 are
280 1497 319 1562 tt.

156 1513 183 1589 p
257 1593 288 1690 t.
315 1609 400 1687 459.
452 1588 545 1668 Non
572 1582 766 1688 postrema
805 1603 899 1666 cura
933 1581 1009 1664 esse
1035 1585 1153 1666 debet
1180 1584 1425 1689 objeitorum
1452 1581 1499 1664 il-
1521 1577 1557 1650 Ίῖ
1576 1572 1674 1646 ml.

157 1685 448 1772 lustrandorum
484 1687 527 1766 in
561 1687 634 1768 usu
658 1686 936 1790 microscopii3
973 1688 1083 1772 hunc
1117 1689 1158 1766 in
1184 1689 1308 1771 finem
1344 1679 1658 1796 paraturfigfa

155 1794 359 1895 speculum
386 1812 602 1868 concavum
632 1810 681 1872 ex
704 1803 868 1892 argento
893 1791 1092 1889 puriffimo
1118 1794 1225 1893 BC,
1260 1792 1311 1872 ita
1338 1806 1384 1874 ut
1407 1791 1500 1890 lux,

155 1920 205 1975 ex
237 1894 315 1976 hoc
349 1890 508 1990 speculo
539 1893 713 1996 reflexa,
747 1893 797 1980 in,
815 1888 1018 1991 objettum
1045 1899 1085 1976 A
1110 1892 1288 1995 incidat,
1314 1890 1497 1996 illudque

155 1996 384 2092 collustret,
412 1992 453 2070 in
486 1991 620 2074 medio
644 1997 680 2073 N
707 1993 908 2096 speculum
931 1991 1176 2094 perforatum
1201 1995 1347 2074 lentem
1372 1996 1496 2076 conti·

155 2114 222 2180 net
245 2119 492 2195 convexam,
518 2117 592 2196 per
617 2121 733 2198 quam
756 2094 900 2177 oculus
924 2091 967 2174 in
994 2097 1029 2177 L
1051 2093 1319 2200 prospectans,
1342 2095 1497 2196 objecta

154 2199 363 2303 infigniter
388 2196 545 2276 adautta
576 2196 761 2278 intuetur.
837 2197 1072 2300 Applicatur
1097 2193 1398 2302 microsoopium
1428 2223 1494 2286 anf

155 2304 253 2386 nulo
274 2305 375 2400 DE,
401 2314 513 2402 atque
545 2295 746 2399 objectum
770 2299 811 2380 in
829 2299 967 2384 tubulo
986 2301 1031 2378 M
1047 2299 1113 2380 vel
1128 2300 1329 2402 elevatur,
1344 2299 1410 2382 vel
1428 2297 1496 2378 de·

152 2403 365 2510 primitur:
401 2403 444 2482 in
466 2401 651 2480 vertebra
674 2417 802 2486 autem
834 2405 899 2508 R,
933 2400 1000 2484 vel
1026 2397 1146 2506 magis
1172 2401 1329 2504 speculo
1355 2427 1494 2505 appro-
1634 2491 1639 2501 ,

153 2509 347 2608 rimatur,
371 2506 437 2584 vel
463 2516 701 2586 removetur.

257 2612 285 2709 §-
313 2622 394 2708 460.
452 2603 580 2686 Aliud
605 2615 843 2712 uranoscoptum
870 2605 1086 2692 oonficitur
1115 2633 1165 2690 ex
1197 2605 1346 2688 duabus
1380 2606 1494 2684 lenti·

153 2713 249 2812 but,
275 2707 370 2790 ficut
394 2708 479 2786 sere
505 2719 616 2786 antea
641 2704 722 2786 dixi
748 2709 1004 2810 telescopium
1029 2708 1328 2794 astronomicum
1353 2705 1495 2808 parari,

154 2815 230 2896 nifi
255 2811 360 2916 quod
388 2811 474 2888 lens
509 2809 671 2888 minoris
698 2810 864 2914 sphaerae
887 2811 1086 2910 objettum
1112 2816 1245 2892 versus
1272 2807 1491 2910 dirigatur,

151 2919 193 2998 δι
210 2916 295 2994 lens
311 2915 443 3014 altera,
463 2912 629 3013 sphaerae
644 2910 800 3008 majoris
816 2911 1071 3016 segmentum,
1088 2911 1442 3015 appliceturoculo.
1523 2957 1525 2962 ·

265 3021 296 3117 t.
331 3030 414 3113 461.
472 3008 598 3094 Aliud
625 3011 759 3092 rursus
784 3011 948 3114 lnsrgne
978 3019 1216 3124 Mtcrtfioptum
1251 3037 1335 3092 non
1362 3013 1493 3094 minus
1512 2987 1665 3066 wll·

152 3117 419 3202 concinnitate
444 3113 542 3216 sua,
591 3140 679 3202 uam
709 3111 930 3217 aptitudine
955 3113 1004 3194 ad
1029 3141 1187 3198 omnem
1206 3117 1319 3198 usum
1334 3114 1490 3218 exatta,
1508 3097 1568 3200 5⁵8·
1583 3113 1656 3220 1⁰⁴,

149 3220 460 3304 commendatur.
531 3141 600 3298 Eil
624 3217 885 3334 substaculum
909 3217 1086 3321 ligneum
1110 3229 1185 3325 A,
1210 3219 1253 3302 in
1282 3244 1358 3324 qua
1387 3218 1489 3298 defi-

149 3326 261 3428 gitur
285 3324 415 3403 clavus
440 3317 726 3400 aurichalcrnus
750 3323 781 3396 B
807 3322 991 3402 vertebra
1016 3323 1056 3404 D
1080 3320 1323 3422 instruens,
1355 3321 1395 3400 iz
1425 3342 1487 3406 rea
1526 3363 1528 3370 ·
1659 3339 1666 3350 ‘

151 3429 242 3530 gula
266 3447 379 3506 aenea
402 3424 529 3528 usque
563 3421 607 3500 in
629 3429 666 3502 Η
691 3419 957 3524 ascendente,
997 3424 1040 3502 in
1069 3426 1142 3504 hac
1167 3425 1302 3524 regula
1330 3423 1488 3500 affixum
1666 3485 1678 3526 ,

150 3531 209 3612 est
236 3527 432 3629 speculum
458 3529 492 3606 C
519 3521 711 3624 paulisper
736 3547 974 3627 concavum,
1009 3525 1239 3628 &angulus
1266 3545 1401 3606 aeneus
1424 3527 1482 3620 E,
1648 3613 1652 3622 ,

150 3629 392 3716 cui.inditur
416 3628 582 3730 politum
607 3625 777 3725 vitrum,
802 3647 944 3728 nempe
969 3624 1286 3712 utexaminandi
1312 3625 1485 3725 liquores

149 3741 193 3818 in
221 3758 270 3813 eo
305 3745 573 3830 reponantur3
608 3727 700 3808 huic
724 3727 873 3808 annulo
906 3750 1024 3810 aeneo
1052 3733 1180 3810 affixae
1207 3731 1297 3810 sunt
1322 3725 1481 3806 tabellae

149 3861 278 3920 aeneae
306 3832 548 3936 perforatae,
582 3847 627 3914 ut
660 3827 720 3910 his
740 3829 1001 3912 soraminibus
1027 3831 1107 3911 stili
1133 3829 1348 3912 innitantur
1385 3852 1479 3909 cum
1646 3891 1649 3898 .

147 3935 346 4023 transfixis
368 3934 599 4036 corporibus
616 3929 891 4014 examinandis.
943 3944 1049 4012 Haec
1065 3933 1205 4036 regula
1219 3939 1290 4013 ΒΗ
1304 3953 1376 4032 per
1389 3931 1483 4012 reti·
1647 3997 1651 4002 .

149 4040 291 4128 nacula
314 4041 399 4120 GH
426 4035 686 4138 adstringitur
710 4034 911 4117 mobiliter
936 4029 1049 4116 alteri
1076 4035 1229 4136 regulae
1253 4039 1349 4134 ΓΕ,
1382 4056 1478 4138 quae

148 4141 554 4336 {nartem
570 4135 1483 4350 aaintramuraneum
1553 4223 1563 4238 ι

570 4317 573 4324 -
685 4295 700 4345 n
1266 4295 1281 4347 2

953 4365 958 4376 ·
1371 4365 1437 4422 an·
