3782 4958
461 481 542 580 428
891 436 1154 568 Sneriours
1205 487 1288 567 il.-

415 657 554 763 quium
581 667 595 742 τ’
644 664 883 780 Quicunque
907 672 1025 750 color
1050 669 1232 755 induslus
1257 672 1375 754 suerit
1399 670 1598 754 acidorum
1628 675 1750 754 inter·

416 773 561 862 ventu,
588 765 824 847 annihilatur
839 768 886 846 ab
904 770 996 850 oleo
1014 772 1145 854 tartari
1162 797 1234 871 per
1250 772 1468 880 deliquium
1495 775 1531 854 ἃ
1550 775 1714 855 vicissim
1735 798 1749 874 3

418 863 572 977 colores
589 879 714 946 autem
733 869 780 944 ab
797 867 927 972 aliquo
951 869 1062 954 acido
1090 874 1231 954 causati
1260 901 1341 956 non
1369 874 1646 978 destruuntur,
1673 899 1749 954 nec

419 979 609 1082 vittantur
624 965 724 1046 acidi
746 969 903 1052 alterius
929 973 1115 1056 effusione
1143 1003 1152 1052 ε
1205 977 1262 1054 sit
1287 1003 1436 1093 pannus
1459 977 1599 1079 aliquis
1625 981 1749 1056 rubro

417 1065 555 1178 colore
575 1065 731 1167 nnttus,
748 1075 964 1152 acceslione
982 1073 1178 1171 cujusdam
1200 1077 1316 1174 acidi,
1334 1079 1402 1160 ille
1427 1103 1508 1158 non
1532 1077 1647 1158 sacile
1671 1104 1751 1156 man

416 1168 515 1246 cul1s
538 1167 855 1273 deformabitur,
880 1189 965 1254 utut
991 1174 1118 1280 vino,
1140 1193 1251 1256 aceto
1276 1181 1349 1260 &e
1373 1178 1641 1281 perfundatur.
1694 1179 1751 1260 sit
1870 1187 1872 1190 ’

417 1269 574 1348 rursum
597 1271 695 1353 alter
717 1297 886 1374 pannus,
911 1273 979 1377 qui
1007 1277 1168 1358 traxerit
1199 1281 1366 1360 maculas
1391 1285 1508 1360 flavas
1533 1295 1596 1360 aut
1623 1303 1750 1362 caeru·

416 1366 495 1450 leas
508 1371 556 1448 ab
574 1372 933 1470 aceto,restituetur
950 1375 1071 1474 priori
1088 1379 1324 1480 colori,cum
1345 1385 1494 1460 macula
1511 1383 1601 1462 oleo
1615 1380 1751 1464 tartari

412 1493 485 1572 per
501 1469 729 1580 deliquium,
741 1489 805 1554 aut
815 1503 923 1584 aqua,
935 1476 1011 1555 sale
1029 1481 1159 1562 tartari
1184 1483 1405 1584 exsaturata,
1422 1482 1541 1564 suerit
1556 1481 1718 1564 inunita
1736 1505 1750 1580 3

413 1573 518 1680 quod
547 1573 745 1656 fimacula
770 1575 874 1658 illata
896 1579 953 1660 est
977 1581 1024 1656 ab
1050 1583 1142 1664 oleo
1167 1585 1317 1682 tartari,
1343 1607 1388 1662 ea
1415 1585 1462 1664 ab
1489 1583 1609 1664 affiaso
1632 1581 1749 1662 acido

414 1677 580 1793 eluetur.
630 1681 764 1777 Itaque
780 1681 846 1780 qui
870 1709 890 1758 a
912 1706 1127 1779 pannorum
1151 1682 1384 1764 tinuonbus
1411 1685 1584 1764 notitiam
1615 1705 1751 1784 perce-

413 1793 538 1880 pent,
564 1803 876 1880 pannosquosve
894 1783 1097 1866 colorandi
1112 1839 1128 1887 ,
1146 1783 1259 1864 sacili
1293 1785 1451 1888 negotio
1477 1786 1648 1888 aspersas
1673 1809 1750 1864 ma·

348 1909 351 1920 ¹
416 1881 521 1962 ortas
539 1877 776 1964 emundabit.
1871 1889 1872 1964 ἴ

258 1987 399 2060 Varlatlo
514 1986 568 2064 II.
594 1989 718 2086 Super
747 1982 864 2082 gallus
890 1987 1065 2071 contusas
1080 1987 1122 2065 in
1145 2013 1227 2068 uno
1255 1987 1432 2088 vasculo,
1457 1987 1498 2069 in
1517 1988 1640 2068 altero
1659 1986 1748 2066 vase
1870 2071 1872 2092 ἐ

243 2091 378 2160 colmam
417 2083 531 2186 super
566 2085 775 2169 contritum
810 2087 1012 2168 vitriolunt
1047 2085 1269 2170 affundetur
1297 2114 1391 2190 aqua
1428 2115 1555 2189 pura,
1581 2091 1751 2189 agitetur
1871 2095 1872 2124 ³

243 2193 401 2292 influlda'r.
417 2203 626 2292 utrumque
646 2187 775 2290 paulis
796 2209 865 2284 er,
892 2203 1004 2292 atque
1023 2191 1106 2287 post
1133 2189 1289 2295 aliquod
1314 2187 1556 2269 minutorum
1587 2190 1748 2291 spatium
1871 2279 1872 2284 p

416 2305 500 2368 utra
529 2317 579 2370 ue
599 2215 907 2397 aquapeliucida
935 2291 1164 2392 apparebit,
1218 2290 1453 2372 raesertimsr
1483 2314 1557 2392 per
1581 2297 1746 2372 chartam
1871 2375 1872 2378 a

420 2321 595 2470 bibtiiam
631 2392 892 2492 percoletur3
929 2411 966 2474 at
991 2393 1019 2474 fi
1044 2319 1363 2474 complicant-ur
1385 2391 1566 2491 insimul,
1591 2395 1747 2492 nigrum
1870 2407 1872 2456 l

417 2491 613 2602 extemplo
647 2491 823 2571 colorem
855 2493 1002 2575 reseret
1027 2495 1199 2574 mixtura.
1263 2493 1412 2576 Rursus
1433 2493 1554 2574 affuso
1575 2497 1666 2575 oleo
1687 2491 1747 2571 vi-

417 2589 524 2668 ttrolr
543 2605 624 2672 ater
642 2593 756 2672 color
769 2611 1025 2676 commutatur
1051 2595 1091 2674 in
1112 2596 1356 2695 pellucidum
1381 2597 1527 2698 absque
1552 2595 1659 2676 omni
1693 2595 1748 2669 se·
1870 2609 1871 2612 ‘

417 2688 620 2795 diment03
648 2693 817 2796 nigredo
835 2695 992 2776 demum
1013 2693 1115 2776 redit
1129 2696 1262 2798 illico,
1286 2696 1355 2778 ubi
1382 2698 1510 2776 oleum
1531 2697 1659 2776 tartari
1679 2717 1750 2794 per
1870 2743 1871 2750 κ

417 2789 635 2897 deliquium
661 2799 780 2880 suerit
805 2797 1039 2881 instillatum.
1110 2796 1235 2876 Iidem
1265 2799 1430 2879 omnino
1454 2795 1620 2878 'effeetus
1649 2813 1749 2898 pate·
1870 2825 1871 2830 Ν

418 2896 545 2994 scent,
572 2899 806 3001 sigellarum
826 2899 1027 2982 loco'solia
1053 2898 1224 2980 rosarum
1242 2924 1332 2980 cum
1351 2902 1463 2979 Thee
1479 2895 1747 2978 adhibeantur.

418 2995 541 3105 Quod
557 3001 716 3104 quidem
736 3005 1045 3103 experimentum
1065 2999 1214 3080 occafio
1230 3001 1357 3079 extitit
1374 2999 1526 3080 inventi
1544 2997 1747 3080 atramenti
1846 3073 1849 3083 .
1868 3057 1870 3082 2

417 3099 711 3204 sympathetici;
739 3107 885 3184 etenim
899 3102 1137 3182 cnaratleres
1154 3103 1196 3179 in
1213 3103 1341 3180 charta
1359 3102 1444 3180 alba
1461 3097 1643 3203 descripti
1661 3123 1748 3178 cum

419 3227 517 3306 aqua
533 3203 749 3304 pellucido,
777 3205 819 3284 in
841 3230 915 3307 qua
933 3202 1050 3302 gallae
1067 3203 1217 3282 suerint
1234 3217 1459 3302 maceratae,
1485 3201 1584 3282 fient
1600 3197 1752 3298 conspi-

391 3373 393 3380 .
419 3303 482 3385 cui
506 3329 578 3407 per
596 3303 749 3386 affirsam
777 3303 1012 3386 solutionem
1036 3301 1186 3384 vitrioli
1209 3303 1345 3384 itidem
1371 3301 1640 3404 pellucidam3
1682 3295 1749 3379 sed
1810 3365 1836 3376 ..

419 3405 469 3486 de
488 3421 700 3486 atramento
715 3407 986 3512 sympathetico
1004 3429 1095 3486 mox
1112 3408 1225 3506 plura
1242 3407 1468 3506 afferentur,
1492 3405 1556 3484 hic
1571 3401 1751 3487 retexite

416 3511 568 3591 eausam
585 3507 782 3590 suffecerit
809 3543 818 3590 ε
844 3533 1054 3614 quarenam
1072 3505 1178 3584 acida
1193 3507 1316 3589 veluti
1333 3509 1467 3587 succus
1482 3507 1660 3606 citrinus,
1686 3517 1749 3584 aut
1807 3557 1817 3573 .

416 3613 865 3794 Βῠῡαιὲιὶῧῐζεεῐιῶαῑε,
899 3611 1059 3690 maculis
1089 3609 1367 3690 atramentariis
1389 3609 1572 3694 lintea&
1603 3629 1749 3710 pannos
1867 3633 1869 3716 j

420 3735 536 3794 emun
569 3731 637 3794 et.
1142 3783 1145 3790 .
1868 3755 1869 3796 3

515 3821 586 3897 Ill.
615 3817 840 3900 Mercurius
853 3815 1079 3898 sublimatus
1100 3835 1250 3914 aquam,
1268 3813 1309 3892 in
1325 3837 1402 3916 qua
1419 3811 1606 3912 solvitur,
1622 3810 1748 3906 timpi-
1863 3803 1869 3914 l

422 3917 510 3994 darn
527 3922 749 4014 conservat,
776 3943 866 4024 quae
885 3919 1076 4000 cooiosrus
1093 3915 1275 3994 instillato
1293 3916 1384 3996 oleo
1409 3913 1542 3994 tartari
1561 3939 1633 4014 per
1654 3912 1750 3990 deli·
1867 3925 1868 3954 ³

421 4018 586 4124 quium,
619 4024 836 4102 aurantium
863 4024 1035 4104 colorem
1060 4016 1307 4115 indipiscitur
1335 4014 1488 4096 :affusa
1518 4043 1613 4118 aqua
1629 4013 1751 4129 sorti,

420 4141 486 4207 aut
503 4123 639 4222 spiritu
653 4123 802 4202 vitrioli
822 4151 918 4226 aqua
938 4121 1070 4200 denuo
1087 4117 1246 4215 limpida
1258 4116 1437 4201 redditur
1458 4117 1539 4196 stne
1557 4114 1746 4194 sedimen·
1814 4136 1819 4142 ·
1867 4165 1868 4228 3

412 4247 488 4335 to;
514 4225 737 4332 quicunque
762 4223 858 4306 sales
881 4225 924 4302 in
949 4247 1047 4322 aqua
1071 4218 1294 4325 solvantur,
1318 4239 1362 4304 ut
1377 4220 1433 4302 est
1452 4219 1656 4322 salpetrae,
1673 4219 1745 4296 alu·
1865 4233 1868 4308 ἰ

473 4377 479 4388 .
1594 4342 1699 4418 men,
