3900 4956
340 497 616 579 Dissunrnr‘ro
640 489 694 572 11.
722 486 789 573 De
807 494 1049 575 corsrrero
1065 495 1180 572 Hrsr.
1204 497 1321 574 Prrrs.
1455 505 1503 578 'rr

163 739 166 744 ·
211 685 356 784 primus
372 681 533 781 suerit,
562 675 631 782 qui
663 671 823 778 eclipses
846 665 1106 780 praedixerit,
1131 695 1178 759 ut
1206 663 1322 757 habe't
1350 681 1491 757 tarnem
1508 679 1549 762 in

210 786 387 866 Thalete.
442 782 623 864 Fortalsrs
650 779 810 862 &illud
849 779 1099 862 orientalium
1134 805 1371 886 paganorum
1400 781 1548 862 animos

207 885 256 966 ad
274 885 497 987 religiosum
518 887 708 966 astrorum
721 885 869 964 cultum
887 883 1098 980 proniores
1114 882 1313 988 reddidit,
1330 883 1440 984 quod
1461 884 1548 962 stel-

208 990 262 1067 las
286 990 490 1070 inhabitari
513 996 535 1066 a
559 986 757 1066 mentibus
783 983 989 1064 illustrium
1012 987 1214 1067 hominum
1252 983 1545 1086 existimarent3

202 1089 287 1168 illas
320 1093 469 1194 quippe
492 1091 680 1170 dixerunt
695 1090 781 1190 poll
803 1099 1000 1189 mortem,
1022 1113 1194 1188 corpore
1211 1089 1380 1186 solutas,
1406 1104 1544 1184 petere

203 1187 518 1297 supermundana
533 1193 647 1294 loca,
674 1206 794 1296 atque
818 1187 932 1270 etiam
949 1213 972 1268 e
990 1195 1093 1274 caelo
1109 1195 1245 1274 rursus
1263 1189 1370 1292 polle
1388 1190 1492 1272 elici.

458 1517 529 1608 De
548 1493 772 1630 Principiis
790 1375 1080 1632 &byldblogiae
1099 1517 1273 1617 Graecae.

205 1703 318 1800 XIV.
337 1697 526 1890 PAucis
541 1711 735 1820 physicam
759 1703 998 1790 Graecorum
1017 1727 1201 1792 veterum
1223 1711 1460 1816 disciplinam
1478 1715 1541 1794 rb·
1554 1725 1731 1802 Graecrrum

422 1813 578 1893 solvere
597 1815 652 1892 est
670 1811 820 1892 animus
839 1839 852 1914 3
904 1821 1027 1915 Nam,
1047 1839 1137 1893 cum
1153 1815 1194 1896 in
1219 1817 1321 1894 vasta
1338 1816 1543 1897 sententia-

204 1931 295 2020 rum
321 1917 495 1998 colluvie
515 1915 660 1994 semina
687 1911 848 2018 quidem
878 1913 1084 1994 hincinde
1111 1918 1333 2016 promicent
1349 1915 1544 2019 solidioris

207 2019 381 2125 Physreae
403 2015 670 2117 recentioris,
699 2027 828 2094 tamen
855 2017 962 2120 plera
993 2041 1045 2096 ue
1060 2041 1198 2101 eorum
1214 2020 1354 2123 placita
1369 2018 1469 2122 adeo
1486 2021 1546 2104 in·

207 2119 326 2200 ficeta
350 2121 470 2220 sunt,
497 2134 543 2196 ut
567 2132 718 2218 praeter
742 2115 939 2232 quaepiam
966 2044 1149 2232 delesta,
1180 2143 1274 2225 quae
1300 2121 1348 2201 ad
1365 2121 1544 2302 l’hplices

207 2221 400 2302 historiam
428 2219 688 2300 illustrandam
721 2221 905 2319 faciunt,
938 2219 1033 2300 nihil
1058 2241 1206 2304 caetera
1232 2224 1338 2303 nolle
1369 2246 1415 2300 re
1434 2243 1548 2324 erat3

206 2324 375 2426 maxime
395 2327 487 2399 cum
509 2322 712 2399 recentior
740 2335 834 2398 aetas
867 2319 1117 2422 dignissimos
1133 2325 1286 2408 fruitus
1303 2327 1518 2440 protulerit
1529 2383 1549 2428 „

208 2426 353 2532 'quibus
369 2420 775 2524 colligendisingenua
787 2423 1040 2528 Physrcorum
1057 2424 1210 2508 indoles
1226 2425 1421 2507 utilrlsrme
1431 2451 1547 2525 exer.

205 2541 359 2610 ceatur.
411 2521 694 2606 Procuderunt
712 2543 844 2606 autern
873 2526 1007 2608 Graeci
1028 2527 1245 2608 uberrimas
1262 2528 1313 2610 de
1331 2559 1436 2612 rerum
1459 2545 1546 2632 prin

206 2640 292 2732 clplb
309 2627 544 2732 opiniones,
561 2627 810 2731 maximeque
830 2625 1027 2730 diversas,
1053 2649 1174 2738 atque
1191 2630 1424 2748 potissimum
1450 2635 1547 2714 aeni·

208 2736 342 2838 gmatis
358 2733 577 2838 involutas,
601 2745 647 2808 ut
664 2755 807 2832 nempe
825 2743 891 2836 aut
908 2755 1051 2811 vanum
1072 2735 1218 2836 ingemi
1238 2760 1406 2820 acumen
1420 2735 1548 2814 osten·

210 2837 376 2933 derant,
403 2845 469 2908 aut
491 2829 647 2930 sortasse
667 2829 891 2910 reconditae
915 2829 1118 2933 cujusdam
1136 2837 1372 2915 eruditionis
1392 2835 1460 2913 srbi
1483 2835 1547 2932 su·

208 2963 317 3020 mum
335 2931 606 3013 conciliarent.
679 2931 848 3033 Quidam
869 2955 934 3011 res
962 2934 1136 3038 physicas
1163 2933 1429 3042 metaphysicis
1451 2957 1549 3014 con.

206 3040 304 3122 'stare
323 3028 527 3136 principiis
544 3029 756 3132 dixerunt,
812 3053 879 3110 uae
908 3057 1041 3138 neque
1062 3035 1233 3116 sensibus
1254 3061 1388 3142 neque
1417 3037 1549 3138 imagi-

206 3142 366 3222 natione
382 3129 539 3244 percipi*
549 3147 697 3234 queant
714 3187 728 3230 ,
753 3061 821 3212 sed
839 3130 921 3213 solo
938 3135 1173 3242 intellestu3
1226 3147 1381 3222 Horum
1397 3138 1546 3246 praeci-

206 3265 307 3344 puos
330 3241 400 3318 sub
419 3239 602 3316 obtutum
622 3233 842 3314 collocabo.
1214 3327 1218 3336 Ι
1414 3294 1418 3306 .

306 3343 401 3438 XV.
427 3340 688 3446 Pythagoras,
715 3351 761 3415 ut
789 3343 977 3441 Plutarchus
995 3339 1046 3419 ait
1070 3343 1183 3438 Plana.
1204 3351 1234 3434 I.
1255 3361 1327 3444 cap.
1338 3370 1374 3443 3.
1406 3367 1543 3426 rerum
1570 3353 1726 3444 Principia

207 3441 403 3541 Principia
424 3471 564 3520 nrrnreros
586 3437 661 3519 else
685 3435 848 3519 censuit.
915 3443 1010 3525 Non
1036 3457 1169 3524 autem
1196 3446 1251 3524 est
1278 3447 1400 3526 simile
1423 3469 1540 3545 vero,
1562 3455 1726 3556 metaphy-

210 3553 238 3630 P
270 3547 488 3644 thagoram,
523 3541 637 3638 cujus
667 3555 754 3618 toto
780 3540 878 3620 orbe
903 3541 1004 3620 sama
1027 3545 1262 3628 eruditionis
1287 3546 1541 3650 percrebuit,
1550 3559 1625 3653 fica.

213 3575 312 3730 adeo
331 3641 566 3743 desipuisse,
590 3654 637 3721 ut
664 3673 829 3741 numeros,
859 3643 929 3744 qui
957 3669 977 3721 a
1003 3645 1084 3724 solo
1110 3647 1314 3728 intellectu
1337 3647 1569 3732 efformari--

212 3773 302 3850 tur,
330 3747 368 3826 &
387 3746 507 3823 rebus
524 3741 754 3848 adveniunt,
770 3765 903 3846 neque
919 3744 960 3826 in
977 3747 1016 3824 se
1033 3746 1120 3846 ipsrs
1139 3749 1333 3830 sensibiles
1354 3749 1459 3854 sunt,
1479 3756 1548 3829 mae'·

214 3866 325 3950 anjam
344 3848 412 3927 seu
437 3853 582 3924 elementa
608 3847 917 3946 compositorum
942 3849 1177 3950 naturalium
1201 3848 1368 3934 diceret.
1421 3853 1547 3934 Vide·

213 3978 279 4040 tur
294 3957 426 4056 itaque
444 3961 517 4050 per
528 3975 669 4024 numeros
684 3947 756 4026 elle
784 3947 894 4028 orice
913 3945 1140 4031 intellexisse
1157 3953 1406 4057 complexum
1423 3953 1547 4056 pluri·

215 4079 365 4138 marum
384 4051 568 4150 partium,
587 4049 752 4148 &perse
796 4049 952 4152 onum,
976 4077 1032 4138 ,ex
1080 4053 1197 4132 uidus
1215 4079 1279 4138 res
1293 4057 1457 4161 singulae
1474 4057 1544 4138 suo
1565 4142 1570 4157 ¹

215 4163 255 4238 in
279 4154 419 4237 ordine
437 4163 764 4262 componuntur,
789 4151 827 4230 δι
852 4153 897 4229 ab
920 4152 1000 4234 aliis
1019 4081 1340 4262 dillinguuntuu
1375 4172 1441 4238 aut
1462 4181 1545 4252 cer·
1617 4243 1621 4257 ,

209 4267 285 4362 to,
315 4279 409 4362 quas
427 4278 491 4334 res
511 4251 575 4334 alii
588 4243 810 4355 ⁴Phrlosophi
824 4253 904 4436 agis
922 4255 1147 4337 nominibus
1163 4259 1460 4442 exprellemntss
1484 4285 1546 4342 eas

895 4377 919 4462 3
1364 4378 1434 4468 vlt
1463 4385 1498 4440 ²·
