3782 4958
373 431 378 441 Ι
420 479 501 578 306
908 479 1174 562 succrorrr
1226 481 1281 562 ΙΙ.

370 663 525 744 lianum
543 661 585 740 in
604 651 671 740 illa
691 681 842 742 camera
860 663 1032 747 eundem
1053 681 1191 744 tenere
1213 653 1351 744 caloris
1367 663 1539 766 gradum.
1592 657 1710 775 Quod

381 767 528 848 sivero
554 763 594 842 in
612 761 680 842 illa
703 786 856 842 camera
881 767 983 866 ignis'
1009 765 1249 868 collocetur,
1275 780 1339 846 aut
1363 767 1505 846 solares
1516 760 1628 856 radii
1644 761 1741 844 imm

380 868 602 966 mittantur,
629 867 679 946 ita
703 865 741 942 se
767 865 917 970 rursum
950 869 1020 949 ille
1050 865 1151 966 ignis
1182 867 1225 946 in
1251 867 1384 945 omnia
1409 891 1576 970 corpora
1595 880 1714 944 trans-

317 1055 321 1064 ·
379 965 551 1067 fundet,
587 979 630 1046 ut
653 963 973 1050 thermom'etrum
1001 965 1233 1072 applicatum
1269 967 1355 1070 post
1389 965 1608 1048 diffusronis
1633 991 1721 1045 mo·

378 1095 497 1172 ram,
522 1065 694 1150 eundem
725 1068 857 1148 denuo
883 1071 1022 1152 caloris
1047 1066 1209 1170 gradum
1236 1084 1377 1172 notet,
1399 1083 1492 1148 tum
1519 1067 1560 1146 in
1585 1065 1713 1146 libero

378 1179 493 1270 aere,
518 1187 600 1250 tum
629 1167 829 1274 quinusvis
855 1175 1113 1273 corporibus,
1139 1171 1180 1250 in
1205 1191 1356 1250 camera
1380 1171 1449 1251 illa
1473 1167 1628 1273 posrtis,
1653 1193 1716 1267 ap

378 1275 579 1375 plicatum.
632 1267 753 1378 Quod
777 1270 868 1349 sane
893 1271 1222 1376 argumentoell,
1247 1273 1380 1373 ignem
1410 1270 1458 1350 ad
1476 1269 1714 1372 aequabilem

279 1395 280 1400 ‘
329 1457 333 1470 ,
379 1372 437 1455 sui
466 1367 714 1472 diffirfionem
741 1371 905 1452 conniti

479 1501 553 1584 VI.
603 1507 721 1618 Aqua
737 1500 915 1606 lemene,
942 1499 1101 1609 chalybs
1128 1501 1321 1608 candem,
1347 1506 1386 1586 dc
1411 1502 1484 1582 alia
1501 1501 1717 1581 infiamma-

377 1615 415 1682 ta
441 1626 604 1703 corpora
629 1619 745 1685 crtrus
770 1602 945 1706 amittunt
969 1605 1103 1704 ignem
1129 1603 1172 1686 in
1197 1633 1322 1688 vacuo
1349 1602 1504 1704 antliae,
1529 1627 1642 1705 quarn
1673 1603 1714 1680 in

377 1705 507 1783 libero
534 1713 653 1785 a‘e're:
680 1703 841 1784 candela
871 1701 1015 1786 ardens
1041 1707 1180 1786 sensim
1203 1709 1245 1786 in
1271 1709 1346 1787 hoc
1369 1729 1495 1785 vacuo
1523 1705 1718 1803 extingui-

377 1817 445 1886 tur
464 1831 473 1882 :
501 1806 579 1885 imo
599 1804 812 1908 nitedulae,
839 1803 1090 1908 splendicans⁴
1106 1809 1409 1890 vermiculorum
1427 1829 1570 1907 genus,
1585 1809 1732 1887 lucem*

378 1907 485 1984 suam
511 1906 553 1985 in
578 1933 704 1988 vacuo
730 1934 810 1989 non
835 1910 1048 2010 spargunt3
1075 1909 1168 2014 quia
1187 1931 1351 2012 nempe,
1374 1931 1461 1986 cum
1481 1905 1615 2006 igneae
1632 1933 1717 2008 par-

378 2006 513 2087 ticulae
543 2007 633 2088 alias
658 2007 814 2090 infimul
842 2009 1118 2094 contineantur
1143 2013 1190 2092 ab
1224 2019 1314 2092 aere
1341 2009 1536 2086 ambiente
1565 2011 1603 2090 dr
1624 2008 1717 2086 resr-

377 2109 526 2210 stente,
548 2125 700 2192 remoto
727 2111 804 2191 hoc
820 2119 911 2192 a'ere
935 2111 1052 2192 facile
1066 2127 1192 2219 partes
1208 2113 1292 2196 illae
1316 2111 1448 2212 igneae
1469 2109 1627 2190 levitate
1653 2111 1735 2192 sua¹
1825 2173 1846 2184 ..

378 2207 674 2316 disperguntur,
701 2213 919 2316 &avolant
1394 2217 1397 2222 '
1442 2235 1445 2243 ‘
1731 2221 1737 2228 '

481 2337 574 2422 vu.
632 2339 793 2420 Libram
820 2341 949 2442 reguli
982 2341 1218 2444 antimonii,
1243 2339 1285 2422 in
1312 2344 1519 2443 pulverem
1547 2337 1734 2442 renuti,

379 2439 422 2519 in
450 2440 540 2522 loco
559 2439 705 2542 speculi
731 2441 891 2525 caullici
919 2442 1127 2524 collocavit
1151 2449 1196 2521 du
1211 2447 1314 2546 ¹clos,
1339 2444 1425 2546 poll
1441 2445 1551 2545 horae
1567 2467 1714 2524 moram

380 2541 640 2626 antimonium
665 2545 814 2644 reperit
848 2545 1112 2644 calcinatum,
1145 2547 1182 2626 δι
1210 2541 1361 2649 decima
1386 2558 1495 2646 parte
1522 2544 1581 2622 sui
1616 2567 1715 2659 pon·

381 2644 486 2724 deris
512 2641 678 2726 austum.
748 2647 885 2728 Homber
904 2676 969 2724 erar
995 2673 1019 2746 4
1044 2644 1179 2736 uncias
1203 2643 1380 2746 ejusdem
1400 2643 1531 2745 reguli
1556 2658 1716 2723 antrmo·

379 2747 459 2849 nii,
486 2745 528 2826 in
552 2745 757 2850 pulverem
783 2677 953 2848 redafli,
979 2745 1158 2847 exposuit
1181 2743 1363 2827 validiori
1394 2746 1552 2847 spqculo
1579 2741 1716 2825 causti-

379 2845 453 2949 c'o,
477 2847 701 2952 reperitque
724 2851 808 2952 post
834 2849 1135 2930 calcinationem
1153 2875 1177 2947 4
1194 2850 1332 2930 uncias
1347 2848 1434 2929 illas
1449 2845 1524 2928 etse
1542 2875 1564 2950 3
1583 2846 1733 2942 drach,

378 2953 473 3048 mis,
499 2949 537 3028 dc
564 2951 712 3054 aliquot
737 2953 867 3053 granis
892 2953 961 3030 suo
985 2951 1028 3028 in
1057 2947 1235 3050 pondere
1268 2947 1405 3030 auctas.
1479 2955 1581 3054 Quae
1608 2961 1715 3026 certo

380 3051 619 3142 confirmant
642 3052 774 3151 ignem
799 3051 873 3130 elle
894 3074 1086 3150 gravem,
1112 3051 1150 3132 dc
1182 3047 1404 3137 adhaesione
1429 3050 1497 3132 sua
1522 3048 1605 3128 aliis
1633 3073 1716 3128 cor·

371 3153 542 3255 poribus
568 3157 687 3252 majus
711 3149 867 3256 pondus
893 3149 1117 3230 conciliare.
1194 3149 1368 3234 Candela
1393 3151 1557 3251 ardens,
1583 3151 1626 3230 in
1653 3171 1713 3227 re·

378 3255 551 3357 cipiente
584 3253 717 3332 antliae
757 3251 909 3352 polita,
942 3273 1031 3332 cum
1068 3258 1135 3330 aer
1162 3253 1404 3356 extrahitur,
1438 3256 1629 3334 flammam
1654 3274 1715 3330 re-

375 3357 456 3437 sert
487 3353 575 3436 orbi
601 3357 789 3438 continuo
815 3350 1222 3458 appropinquantem,
1256 3355 1384 3438 donec
1408 3352 1566 3439 tandem
1592 3351 1716 3433 extin-

378 3474 527 3562 guatur.
694 3517 697 3530 .
950 3529 953 3535 ,

479 3586 560 3684 ἱρὴ
579 3575 740 3684 produnt
765 3587 850 3654 tum
877 3569 947 3674 lit,
974 3597 1061 3654 cum
1085 3573 1260 3656 minimae
1283 3575 1486 3677 particulae
1504 3575 1606 3678 ignis
1622 3571 1714 3653 alio

378 3704 467 3762 rum
492 3701 703 3780 corporum
726 3695 855 3778 partes
871 3671 1007 3776 rapide
1024 3690 1279 3756 commovent
1296 3702 1308 3779 3
1337 3700 1504 3782 cumque
1523 3677 1613 3756 aliae
1630 3677 1714 3756 illae

371 3799 529 3884 partes,
554 3801 648 3882 quae
677 3779 729 3858 ob
755 3777 839 3858 suae
859 3775 972 3858 molis
998 3775 1355 3878 configurationem
1380 3781 1582 3881 ignearum
1600 3775 1714 3880 parti-

380 3881 558 3964 cularum
589 3877 846 3982 aptitudinem
872 3873 921 3960 ad
947 3893 1096 3962 motum
1123 3903 1205 3960 aon
1229 3879 1476 3984 adaequantes
1500 3879 1715 3980 retistunt3

361 3999 461 4099 ,tum
488 3981 636 4084 quippe
667 3983 800 4084 igneae
822 3979 1024 4084 particulae
1051 3981 1257 4064 concitatae
1281 3980 1476 4083 adaugent
1499 3983 1610 4062 suurn
1638 3981 1714 4058 ela-

167 4079 172 4091 ’
251 4109 269 4178 “,
377 4100 548 4184 tenum,
573 4081 763 4192 &ignem
789 4084 833 4166 ln
859 4081 1034 4186 subjecto
1064 4107 1172 4167 novo
1199 4100 1265 4168 aut
1279 4083 1544 4194 producunt,
1559 4097 1626 4165 aut
1651 4105 1715 4164 ex·

346 4195 349 4202 '
377 4183 561 4309 tendunt.
639 4207 644 4214 ·
1556 4288 1563 4298 ²

1539 4355 1543 4362 .
1586 4311 1667 4393 v..
