3802 4942
458 419 537 551 cdd
956 417 1222 490 'Sacrrouus
1258 398 1310 476 11.
1346 397 1352 406 '

409 639 534 722 latur,
560 572 858 720 atqustorificio
885 600 962 694 rr,
994 583 1101 700 quod
1134 578 1295 660 unicum
1323 585 1497 675 apertum
1516 538 1662 670 barba,
1691 559 1727 636 in

411 721 654 815 Mercurium
673 709 818 812 optime
836 701 1067 798 depuratum
1090 681 1361 780 immergiturg
1386 700 1468 777 quo
1483 673 1555 768 sit,
1576 684 1621 745 ut
1637 666 1731 740 Mer-

417 829 550 914 curius
566 816 839 918 frigescentem
858 801 963 876 lente
979 789 1158 872 tubulum
1175 779 1377 882 ingressus,
1387 774 1588 854 maximam
1600 778 1732 866 partem

417 929 597 1030 impleat,
616 947 636 996 a
658 919 860 1015 premente
881 891 1132 995 atmosphaera
1157 881 1342 983 impulsus
1354 883 1406 980 (d.
1423 890 1508 978 389.
1526 883 1620 948 Nara.
1638 866 1734 975 Vl).
1830 913 1831 916 ,

422 1025 614 1138 Cylinder
629 1019 680 1096 ita
692 1006 929 1120 semiplenus
949 993 1030 1109 igni
1046 986 1278 1097 applicetur,
1293 981 1416 1156 uspue
1428 976 1519 1054 dum
1529 977 1737 1048 Mercurius
1829 1005 1831 1034 2

428 1129 602 1214 ebullire
618 1115 793 1214 incipiat,
808 1119 861 1182 tta
876 1097 1085 1200 expellnur
1100 1098 1180 1184 aer,
1201 1083 1341 1161 inibia
1369 1082 1444 1158 huc
1470 1075 1572 1153 forte
1591 1081 1739 1148 conten*
1828 1035 1831 1144 4

427 1253 507 1318 tus:
523 1237 612 1307 mox
631 1214 830 1300 orificium
847 1201 1025 1282 Adenuo
1039 1193 1082 1267 in
1091 1188 1299 1282 calentem,
1314 1199 1358 1262 ut
1375 1179 1497 1282 prius,
1505 1165 1736 1252 Mercurium

425 1329 661 1421 immittitur,
674 1329 828 1399 uttotus
840 1323 962 1406 prope
979 1317 1068 1376 cum
1087 1287 1272 1392 cylindro
1289 1288 1321 1363 C
1339 1279 1578 1360 tubulusAB
1589 1269 1736 1368 implea-
1830 1293 1831 1296 ¹

429 1461 523 1522 tur:
550 1446 631 1509 tum
660 1417 886 1515 disponatur
912 1426 983 1502 pro
1009 1385 1272 1490 consignanda
1297 1382 1395 1460 scala
1418 1377 1603 1456 tubulus:
1636 1365 1743 1471 appli·

431 1553 542 1620 catur
566 1527 636 1607 ille
661 1513 800 1599 sensim
837 1499 1008 1604 frigori,
1039 1517 1155 1596 quam
1191 1489 1283 1566 licet
1311 1479 1599 1576 intensissimo,
1633 1463 1744 1548 veluti

432 1631 571 1740 glaciei
607 1648 698 1706 curn
731 1615 807 1692 sale
844 1599 1112 1692 ammoniaco,
1159 1607 1222 1670 aut
1253 1586 1392 1663 melius
1423 1577 1581 1681 quidem
1617 1565 1744 1672 glaciei
1830 1551 1831 1628 i

433 1761 525 1820 cum
551 1725 752 1808 sortiffimo
779 1713 918 1812 spiritu
951 1697 1044 1780 nitri
1071 1689 1324 1784 commixtae,
1356 1707 1434 1784 quo
1465 1682 1607 1780 ingens
1631 1673 1746 1770 frigus
1829 1631 1831 1748 4

433 1829 695 1946 producitur,
721 1839 766 1900 ac
792 1806 986 1906 redigitur
1007 1791 1230 1878 Mercurius
1255 1787 1296 1864 in
1314 1787 1391 1863 hoc
1416 1783 1582 1860 maximo
1609 1775 1659 1856 fri
1687 1789 1748 1852 ore
1825 1759 1831 1870 l

435 1939 484 2024 ad
512 1959 596 2016 eam
623 1925 813 2017 orbitam,
839 1921 884 1992 ut
907 1907 950 1984 iu
975 1897 1116 1980 tubulo
1141 1891 1188 1972 ad
1214 1911 1337 1970 unum
1362 1885 1492 1983 sorte,
1519 1891 1586 1960 aut
1609 1905 1635 1959 2
1662 1798 1746 1970 digi-
1826 1873 1831 1913 ³

436 2063 496 2125 tos
531 2025 715 2116 clindro
748 2009 1070 2116 superemineat,
1137 1989 1218 2073 uod
1255 1987 1415 2067 fivero
1455 1983 1496 2061 in
1531 1977 1745 2082 cylindrum

434 2061 660 2231 abscedens,
682 2119 860 2204 tubulum
879 2128 1050 2224 'vacuum
1076 2021 1296 2210 relinquat,
1321 2087 1377 2166 est
1403 2082 1533 2162 eidem
1615 2098 1749 2176 raper-

436 2269 519 2330 rum
548 2231 748 2320 orificium
775 2231 814 2300 A
840 2213 935 2292 alius
961 2211 1180 2286 Mercurius
1199 2193 1406 2292 depuratus
1423 2184 1550 2264 adden
1579 2207 1650 2278 us,
1665 2202 1750 2280 quo·

407 2435 410 2440 ,
442 2343 610 2442 adusque
638 2328 777 2410 dietam
803 2309 1045 2396 altitudinem
1072 2297 1265 2378 obtineat:
1306 2305 1388 2368 tum
1422 2298 1676 2385 promovetur
1700 2295 1751 2357 tu·

444 2445 563 2526 bulus
588 2457 673 2517 cum
702 2417 885 2528 cylindro
911 2407 958 2491 ad
984 2425 1119 2508 aquam
1143 2393 1443 2494 congelantem:
1473 2411 1521 2464 ex
1547 2409 1644 2488 aqua
1670 2400 1754 2458 con·
1806 2370 1809 2411 ³

446 2547 602 2652 gelante
630 2531 678 2614 ad
705 2527 872 2608 calorem
900 2513 987 2610 ovi,
1013 2502 1060 2582 ad
1089 2500 1260 2578 calorem
1288 2487 1483 2588 sanguinis
1510 2484 1692 2579 humani,
1714 2470 1754 2554 ad

445 2648 620 2750 spiritum
644 2630 755 2726 vini,
781 2613 1090 2786 supponiturpue
1108 2601 1211 2701 ignis
1228 2579 1416 2686 alcoholi,
1444 2587 1571 2667 donec
1590 2579 1757 2672 ebulliat,

447 2755 484 2832 dc
512 2729 851 2844 deprehendetur,
876 2713 981 2824 quod
1025 2737 1037 2787 r
1064 2692 1316 2798 intercapedo
1343 2687 1531 2769 Mercurii
1555 2687 1596 2764 in
1614 2684 1757 2782 frigore

446 2845 700 2930 intensrffimo
736 2827 783 2910 ad
815 2825 938 2922 frigus
971 2832 1083 2914 aquae
1110 2794 1352 2904 congelantis
1384 2791 1430 2868 stt
1463 2819 1510 2892 32
1545 2787 1758 2886 graduum,

446 2950 522 3028 erit
548 2931 797 3035 intercapedo
839 2953 860 3004 a
896 2921 945 2999 fri
975 2935 1045 2991 ore
1088 2928 1200 3006 aquae
1236 2891 1474 2996 congelantis
1498 2887 1545 2969 ad
1574 2883 1760 2966 ebullitio

445 3073 538 3131 nem
566 3038 842 3127 alcoltolis152
895 2941 1080 3108 raduum,
1105 3007 1142 3084 dc
1167 2997 1377 3086 universim
1404 2993 1595 3072 asummo
1620 2985 1759 3084 frigore

451 3157 528 3249 184
553 3143 769 3248 graduum:
811 3049 932 3228 podto
958 3117 1239 3232 rbermometro
1273 3102 1314 3178 in
1352 3121 1450 3198 aqua
1475 3091 1671 3194 bulliente
1706 3083 1761 3156 lu-

389 3262 394 3271 ’
447 3253 569 3333 betur
594 3241 767 3326 ascensus
794 3235 984 3332 Mercuru
1013 3207 1060 3289 ad
1085 3205 1247 3309 gradum
1273 3227 1366 3283 ara:
1393 3195 1434 3273 in
1458 3191 1681 3272 ebulliente
1697 3179 1761 3282 spi-

450 3353 531 3433 ritu
556 3347 647 3429 nitri
674 3369 745 3436 242
763 3325 975 3433 graduum:
1002 3315 1044 3392 in
1066 3313 1154 3389 oleo
1171 3301 1322 3384 vitrioli
1344 3297 1562 3376 ebulliente
1576 3299 1653 3392 546
1669 3275 1763 3386 grad.

449 3452 607 3537 tandem
636 3443 683 3524 ad
709 3431 870 3542 gradum
898 3429 972 3502 600
997 3409 1223 3496 Mercurius
1237 3405 1318 3506 ipse
1335 3398 1502 3494 ebullit3
1530 3393 1659 3492 itaque
1681 3409 1762 3485 pau·

452 3557 551 3634 xillo
577 3555 695 3652 supra
721 3528 965 3618 altitudinem
992 3520 1097 3598 illam
1130 3507 1249 3613 spatio
1275 3503 1431 3584 tubulus
1453 3501 1532 3576 AB
1561 3487 1765 3571 hermetice

453 3653 672 3746 clauditur,
706 3631 910 3738 &gradus
935 3615 1166 3714 connotati,
1199 3611 1241 3688 in
1275 3625 1386 3686 aenea
1417 3596 1559 3678 tabella
1592 3587 1767 3693 expressi,

456 3759 592 3836 tubulo
620 3745 885 3845 subjiciuntur.

294 3877 463 3955 sicema.
559 3861 589 3944 f.
618 3853 700 3947 tro
751 3849 851 3922 Haec
874 3828 1352 3912 thermometra‘errorum
1378 3795 1619 3879 offendicula
1642 3805 1769 3870 utcun-

292 4001 427 4056 mmam
457 3981 534 4062 que
562 3948 783 4038 declinant,
808 3935 880 4018 nisr
904 3925 1011 4034 quod
1036 3921 1163 4010 calor,
1188 3905 1458 4014 cylindrorum
1487 3915 1647 4002 quoque
1672 3912 1769 3984 capa·

294 4083 427 4157 Falarem
459 4061 611 4142 citatem
637 4046 845 4146 amplians,
870 4023 1100 4112 rarescentis
1124 4011 1317 4092 Mercurii
1345 4001 1543 4084 ascensum
1573 3995 1770 4085 minorem,

295 4181 367 4254 bair.
458 4179 572 4272 atque
595 4157 817 4260 oporteret,
852 4127 1084 4222 constituat,
1120 4139 1200 4220 quo
1225 4111 1321 4192 vitio
1347 4103 1479 4189 omnia
1509 4097 1583 4180 alia
1613 4094 1771 4174 thermo

1118 4249 1125 4260 ·
1481 4223 1488 4238 ·
1653 4213 1730 4270 me·
