3782 4958
396 463 682 546 Pnnuacrro
706 461 754 544 X.
780 459 852 542 Dra
876 460 1162 543 Concursus.
1363 486 1442 566 419

154 651 283 754 prium
310 673 420 730 axem
459 649 627 730 celerius
651 657 913 748 moveantur,
956 668 1068 748 quam
1104 643 1319 728 secundum
1350 641 1494 726 lineam

153 749 325 854 retiam,
349 765 435 830 tum-
457 749 570 830 color
595 751 719 832 ruber
746 749 816 831 fiat
842 745 1054 826 senfibilis:
1080 743 1305 828 intermedii
1325 772 1488 853 quoque

153 856 311 938 colores
333 853 472 933 horum
498 868 671 933 motuum
691 846 970 934 commixtione
991 845 1265 950 producantur.
1319 853 1495 954 Gafflndus,

153 963 276 1056 Boylr‘m
301 957 482 1034 colorum
509 971 681 1036 naturam
719 953 762 1032 in
788 951 896 1032 varia
920 951 1079 1032 luminis
1105 950 1433 1054 modificatione,
1468 981 1490 1032 a

152 1055 456 1140 retractionibus
482 1057 546 1135 vel
564 1053 849 1140 reflexionibus
875 1053 1042 1154 causata,
1059 1053 1369 1155 constituerunt3
1397 1081 1489 1134 cum

9 1227 11 1230 .
152 1161 261 1242 enim
289 1157 524 1276 corporibus
548 1155 735 1260 diversts,
762 1155 914 1237 diversa
939 1155 1030 1237 infit
1054 1154 1282 1256 superficiei
1309 1169 1499 1258 textura,

154 1261 256 1344 radii
293 1263 393 1344 lucrs
424 1285 582 1364 quoque
610 1261 795 1364 angulum
829 1257 1057 1340 reflexionis
1087 1253 1281 1359 aequalem
1317 1257 1491 1340 forment

152 1363 299 1466 angulo
323 1361 556 1446 incidentiae
582 1367 796 1468 (pram),
822 1359 916 1440 hinc
936 1357 1084 1462 opinati
1111 1357 1199 1438 sunt
1225 1357 1343 1462 fieri,
1369 1377 1413 1444 ut
1439 1385 1488 1442 ex

151 1463 324 1548 fortiore
349 1463 415 1546 vel
442 1459 636 1546 debiliore
663 1461 858 1545 radiorum
888 1459 934 1542 ad
955 1461 1089 1544 oculos
1110 1461 1294 1563 appulsu,
1317 1463 1405 1566 plus
1422 1478 1490 1547 aut

152 1567 286 1650 minus
318 1567 471 1646 umbrae
503 1563 622 1650 radiis
648 1565 933 1668 admisceatur,
966 1563 1098 1666 ficque
1131 1562 1306 1644 diversus
1337 1566 1490 1644 enasca«

153 1687 221 1754 tur
253 1667 296 1746 in
329 1667 505 1750 senstbus
529 1671 705 1751 colorum
732 1683 939 1772 apparatus.
1015 1670 1063 1747 In
1089 1669 1254 1745 Academia
1277 1677 1375 1774 Regia
1401 1679 1491 1750 rari·

147 1779 233 1876 ΜΕ
267 1768 334 1848 die
356 1799 383 1870 4
405 1769 533 1868 April.
558 1777 608 1854 A.
638 1777 735 1874 1699
756 1779 896 1881 prelatio
921 1775 956 1869 ιβ
978 1797 1059 1850 nova
1083 1775 1214 1864 lucis&
1229 1777 1365 1848 colorum
1395 1781 1490 1852 lireo-

151 1889 227 1974 n‘a,
247 1897 369 2052 'puam
397 1869 465 1986 Ol..
485 1875 731 1989 Mdlb'mim?
758 1871 967 1987 procudit,
992 1867 1262 2008 substituendo
1289 1873 1488 1958 materiam

151 1976 257 2056 subtr
276 1997 338 2066 em
362 1985 525 2054 vomcrs
553 1975 675 2056 nostri
702 1997 922 2058 rnnumerrs
946 1969 1073 2050 modls
1098 1974 1404 2074 compreffilem,
1432 1978 1486 2057 lo-

13 2068 19 2091 '
153 2101 204 2158 co
228 2063 480 2178 globulorum
509 2071 797 2156 duriffimorum
831 2069 989 2162 secundi
1023 2072 1211 2154 elementi
1244 2075 1485 2182 Cartesrani3

151 2203 236 2261 non
260 2177 366 2258 enim
392 2175 601 2258 videbatur
628 2175 843 2258 dottiffimo
866 2179 955 2259 viro
979 2174 1121 2258 rationi
1148 2175 1488 2284 consentaneum,

151 2295 198 2360 ut
229 2303 303 2383 per
336 2277 537 2380 globulum
565 2278 809 2361 durissimum
832 2286 887 2376 A,
910 2279 1048 2387 oculus
1074 2277 1115 2357 in
1142 2283 1172 2356 B
1201 2279 1391 2383 existens,
1425 2307 1487 2361 ru·
1507 2271 1663 2349 ἙΧΧῙΠ·

151 2383 272 2463 brum
298 2383 473 2462 colorem
499 2382 542 2460 in
567 2385 601 2462 C
622 2377 805 2463 videret:
838 2383 935 2464 alius
957 2383 1099 2466 ucrtlus
1124 2381 1166 2459 in
1183 2379 1223 2462 D
1249 2379 1419 2463 viridem
1446 2377 1567 2479 infir·
1588 2397 1618 2454 1·

153 2487 217 2569 E:
257 2477 355 2562 alius
380 2482 423 2564 in
451 2483 666 2586 Fnigrum
694 2482 818 2565 inG:
852 2485 949 2564 alius
974 2483 1133 2566 demum
1160 2479 1488 2568 inHalbumco·

151 2587 282 2668 lorem
309 2585 352 2664 in
376 2587 396 2666 I
421 2583 672 2686 intueretur3
708 2585 862 2691 hocque
880 2587 987 2670 suum
1013 2589 1175 2692 systema
1194 2597 1487 2688 perpetuatum

152 2689 255 2768 sono
278 2685 465 2788 allegoria
484 2687 534 2766 ita
550 2689 876 2790 contemperavit,
902 2705 944 2775 ut
962 2686 1288 2794 quemadmodum
1311 2687 1490 2794 citaeque

153 2788 312 2870 diurnis
334 2789 435 2869 aeris
457 2789 743 2872 vibrationibus
770 2787 974 2892 eundem,
1006 2814 1053 2869 ex
1081 2787 1282 2868 latioribus
1308 2813 1405 2868 vero
1432 2792 1490 2869 vi-

154 2889 406 2972 brationibus
425 2889 542 2970 alium
569 2891 729 2970 excitari
747 2891 904 2992 sonum3
933 2890 984 2969 ita
999 2913 1158 2994 quoque
1185 2913 1232 2966 ex
1249 2914 1364 2994 aeque
1381 2887 1489 2974 diur-

154 2995 218 3076 nis
245 2989 427 3096 eosdem,
461 3017 509 3071 ex
536 2992 788 3072 brevioribus
814 3007 969 3096 autem,
994 2995 1058 3073 vel
1088 2991 1291 3076 latioribus
1315 2995 1490 3076 materiae

152 3097 304 3180 subtilis
329 3094 616 3177 vibrationibus
642 3093 819 3176 diversos
839 3099 1037 3196 procreari
1059 3095 1212 3176 colores
1230 3092 1490 3200 existimarem

151 3197 345 3297 maxime,
370 3198 476 3302 quod
492 3222 706 3298 corporum
725 3197 975 3301 superficies,
990 3199 1097 3280 varia
1111 3195 1265 3287 ratione
1282 3216 1494 3304 contextae,

156 3301 493 3404 opportunissimae
522 3299 596 3380 fint
621 3301 743 3380 variis
760 3299 1142 3386 illisvibrationibus
1159 3298 1287 3384 lucem
1304 3326 1491 3401 regeren-

154 3405 218 3506 di,
242 3418 284 3481 ut
303 3401 423 3481 sufius
439 3403 602 3482 habetur
618 3411 654 3478 in
672 3409 805 3502 Historia
823 3409 990 3482 ucadmcae
1006 3415 1105 3512 Regio
1118 3408 1291 3503 A01699.
1342 3411 1492 3484 Omnes

151 3505 220 3587 hae
251 3503 513 3588 recentiorum
557 3503 879 3605 Philosophorum
914 3503 1123 3590 sententiae
1167 3529 1215 3585 eo
1251 3500 1491 3604 collimant,

152 3607 260 3714 quod
285 3607 418 3688 nullus
444 3606 578 3706 reapse
606 3605 717 3687 color
743 3605 788 3685 in·
807 3609 1042 3710 corporibus
1061 3607 1177 3708 insit,
1203 3603 1323 3685 inesse
1343 3604 1487 3683 solum-

151 3708 279 3794 modo
302 3708 439 3791 dicunt
462 3710 696 3809 corporibus
722 3707 970 3810 superficies,
995 3710 1142 3792 variam
1166 3723 1357 3788 texturam
1384 3707 1489 3784 rese-

137 3829 286 3920 ,rentes
317 3825 398 3892 tum
434 3815 621 3890 accedere
653 3807 804 3891 varium
851 3811 1025 3892 materiae
1063 3807 1454 3910 subtilis-impulsum
1473 3835 1488 3912 3.

152 3917 306 3997 colores
329 3938 428 3992 vero
454 3937 503 3990 ex
527 3913 632 3996 varia
651 3912 724 3992 hac
748 3915 923 3994 materiae
942 3911 1098 3997 subtilis
1121 3907 1168 3993 ad
1191 3911 1409 3995 sensorium
1427 3935 1490 3990 re-

152 4018 330 4121 gestione
348 4033 378 4093 *a
402 4031 533 4095 mente
559 4015 722 4118 percipi.
1627 4063 1630 4081 ι

258 4124 288 4220 p.
315 4127 398 4218 467.
452 4129 590 4195 Nectum
614 4117 770 4198 tandem
795 4113 877 4216 post
896 4113 1123 4217 cespitantes
1141 4113 1346 4197 sententias
1362 4100 1663 4196 acrio-smmum
1787 4115 1792 4126 '

150 4225 188 4310 ri
214 4236 343 4304 mente
361 4218 473 4331 licuit
498 4221 539 4302 in
558 4221 732 4304 colorum
754 4232 935 4404 gaturam
954 4220 1107 4305 felicius
1132 4219 1347 4326 inspicere,
1373 4203 1643 4333 atqueiimlm'·

800 4343 859 4424 ΕΞ
885 4345 911 4406 2
1373 4345 1445 4405 no-
