<?xml version="1.0" encoding="UTF-8"?>
<!DOCTYPE html PUBLIC "-//W3C//DTD XHTML 1.0 Transitional//EN"
    "http://www.w3.org/TR/xhtml1/DTD/xhtml1-transitional.dtd">
<html xmlns="http://www.w3.org/1999/xhtml" xml:lang="en" lang="en">
 <head>
  <title>
</title>
<meta http-equiv="Content-Type" content="text/html;charset=utf-8" />
  <meta name='ocr-system' content='tesseract 3.04.00' />
  <meta name='ocr-capabilities' content='ocr_page ocr_carea ocr_par ocr_line ocrx_word'/>
</head>
<body>
  <div class='ocr_page' id='page_1' title='image "./florianidalhami00dalhgoog_0077.png"; bbox 0 0 3900 4956; ppageno 0'>
   <div class='ocr_carea' id='block_1_1' title="bbox 313 518 1473 634">
    <p class='ocr_par' dir='ltr' id='par_1_1' title="bbox 313 518 1473 634">
     <span class='ocr_line' id='line_1_1' title="bbox 313 518 1473 634; baseline -0.003 -26"><span class='ocrx_word' id='word_1_1' title='bbox 313 532 550 608; x_wconf 70' lang='lat' dir='ltr'><strong>amaeam</strong></span> <span class='ocrx_word' id='word_1_2' title='bbox 566 521 662 606; x_wconf 85' lang='lat' dir='ltr'><strong>vn.</strong></span> <span class='ocrx_word' id='word_1_3' title='bbox 690 518 757 602; x_wconf 78' lang='lat' dir='ltr'><strong>De</strong></span> <span class='ocrx_word' id='word_1_4' title='bbox 776 519 1005 600; x_wconf 79' lang='lat' dir='ltr'><strong>Gomorram</strong></span> <span class='ocrx_word' id='word_1_5' title='bbox 1022 523 1291 606; x_wconf 78' lang='lat' dir='ltr'><strong>Porosrrxrr.</strong></span> <span class='ocrx_word' id='word_1_6' title='bbox 1423 553 1473 634; x_wconf 79' lang='lat'><strong>73</strong></span> 
     </span>
    </p>
   </div>
   <div class='ocr_carea' id='block_1_2' title="bbox 190 703 1533 917">
    <p class='ocr_par' dir='ltr' id='par_1_2' title="bbox 190 703 1533 917">
     <span class='ocr_line' id='line_1_2' title="bbox 193 703 1533 813; baseline -0.001 -19"><span class='ocrx_word' id='word_1_7' title='bbox 193 715 285 812; x_wconf 86' lang='lat' dir='ltr'><strong>dm,</strong></span> <span class='ocrx_word' id='word_1_8' title='bbox 307 709 474 812; x_wconf 84' lang='lat' dir='ltr'><strong>provida</strong></span> <span class='ocrx_word' id='word_1_9' title='bbox 502 721 638 786; x_wconf 86' lang='lat' dir='ltr'><strong>natura</strong></span> <span class='ocrx_word' id='word_1_10' title='bbox 664 703 844 786; x_wconf 88' lang='lat' dir='ltr'><strong>consulto</strong></span> <span class='ocrx_word' id='word_1_11' title='bbox 874 707 1118 807; x_wconf 82' lang='lat' dir='ltr'><strong>ejuscemodi</strong></span> <span class='ocrx_word' id='word_1_12' title='bbox 1145 735 1266 813; x_wconf 85' lang='lat' dir='ltr'><strong>poros</strong></span> <span class='ocrx_word' id='word_1_13' title='bbox 1283 735 1358 812; x_wconf 90' lang='lat' dir='ltr'><strong>pro</strong></span> <span class='ocrx_word' id='word_1_14' title='bbox 1381 715 1533 796; x_wconf 67' lang='lat' dir='ltr'><strong>summo·</strong></span> 
     </span>
     <span class='ocr_line' id='line_1_3' title="bbox 190 805 950 917; baseline -0.013 -19"><span class='ocrx_word' id='word_1_15' title='bbox 190 810 494 917; x_wconf 84' lang='lat' dir='ltr'><strong>transpirationis</strong></span> <span class='ocrx_word' id='word_1_16' title='bbox 511 805 710 890; x_wconf 85' lang='lat' dir='ltr'><strong>beneficio</strong></span> <span class='ocrx_word' id='word_1_17' title='bbox 728 807 950 888; x_wconf 87' lang='lat' dir='ltr'><strong>elaborarit.</strong></span> 
     </span>
    </p>
   </div>
   <div class='ocr_carea' id='block_1_3' title="bbox 607 973 1119 1096">
    <p class='ocr_par' dir='ltr' id='par_1_3' title="bbox 607 973 1119 1096">
     <span class='ocr_line' id='line_1_4' title="bbox 607 973 1119 1096; baseline 0.008 -26"><span class='ocrx_word' id='word_1_18' title='bbox 607 985 746 1096; x_wconf 71' lang='lat' dir='ltr'><strong>Sylloge</strong></span> <span class='ocrx_word' id='word_1_19' title='bbox 766 973 1119 1094; x_wconf 76' lang='lat' dir='ltr'><strong>Experimntorum.</strong></span> 
     </span>
    </p>
   </div>
   <div class='ocr_carea' id='block_1_4' title="bbox 186 1095 1676 1628">
    <p class='ocr_par' dir='ltr' id='par_1_4' title="bbox 191 1095 1530 1291">
     <span class='ocr_line' id='line_1_5' title="bbox 191 1095 1530 1291; baseline -0.001 -95"><span class='ocrx_word' id='word_1_20' title='bbox 191 1095 500 1291; x_wconf 77' lang='lat' dir='ltr'><strong>§.611.Ligni</strong></span> <span class='ocrx_word' id='word_1_21' title='bbox 520 1111 706 1227; x_wconf 82' lang='lat' dir='ltr'><strong>porosrtas</strong></span> <span class='ocrx_word' id='word_1_22' title='bbox 723 1110 941 1191; x_wconf 86' lang='lat' dir='ltr'><strong>ostenditur</strong></span> <span class='ocrx_word' id='word_1_23' title='bbox 959 1140 968 1188; x_wconf 80' lang='lat' dir='ltr'><strong>r</strong></span> <span class='ocrx_word' id='word_1_24' title='bbox 992 1115 1089 1230; x_wconf 80' lang='lat' dir='ltr'><strong>Orbi</strong></span> <span class='ocrx_word' id='word_1_25' title='bbox 1107 1115 1238 1194; x_wconf 80' lang='lat' dir='ltr'><strong>antliae</strong></span> <span class='ocrx_word' id='word_1_26' title='bbox 1265 1118 1530 1216; x_wconf 85' lang='lat' dir='ltr'><strong>pneumaticae</strong></span> 
     </span>
    </p>

    <p class='ocr_par' dir='ltr' id='par_1_5' title="bbox 186 1216 1676 1628">
     <span class='ocr_line' id='line_1_6' title="bbox 434 1216 1532 1321; baseline 0.005 -29"><span class='ocrx_word' id='word_1_27' title='bbox 434 1218 484 1317; x_wconf 70' lang='lat' dir='ltr'><strong>(l.</strong></span> <span class='ocrx_word' id='word_1_28' title='bbox 502 1216 596 1316; x_wconf 78' lang='lat'><strong>396)</strong></span> <span class='ocrx_word' id='word_1_29' title='bbox 612 1228 838 1314; x_wconf 84' lang='lat' dir='ltr'><strong>imponatur</strong></span> <span class='ocrx_word' id='word_1_30' title='bbox 853 1235 1037 1310; x_wconf 89' lang='lat' dir='ltr'><strong>campana</strong></span> <span class='ocrx_word' id='word_1_31' title='bbox 1057 1218 1201 1318; x_wconf 83' lang='lat' dir='ltr'><strong>lignea,</strong></span> <span class='ocrx_word' id='word_1_32' title='bbox 1223 1219 1532 1321; x_wconf 86' lang='lat' dir='ltr'><strong>extrahaturque</strong></span> 
     </span>
     <span class='ocr_line' id='line_1_7' title="bbox 188 1316 1531 1438; baseline -0.002 -36"><span class='ocrx_word' id='word_1_33' title='bbox 188 1327 254 1436; x_wconf 66' lang='lat' dir='ltr'><strong>adr</strong></span> <span class='ocrx_word' id='word_1_34' title='bbox 271 1343 283 1420; x_wconf 84' lang='lat'>3</span> <span class='ocrx_word' id='word_1_35' title='bbox 306 1317 505 1438; x_wconf 30' lang='lat' dir='ltr'><strong>‘sentietur</strong></span> <span class='ocrx_word' id='word_1_36' title='bbox 524 1319 652 1402; x_wconf 82' lang='lat' dir='ltr'><strong>fibilus</strong></span> <span class='ocrx_word' id='word_1_37' title='bbox 667 1316 783 1437; x_wconf 75' lang='lat' dir='ltr'><strong>aeria,</strong></span> <span class='ocrx_word' id='word_1_38' title='bbox 803 1336 876 1416; x_wconf 87' lang='lat' dir='ltr'><strong>per</strong></span> <span class='ocrx_word' id='word_1_39' title='bbox 889 1337 1011 1415; x_wconf 86' lang='lat' dir='ltr'><strong>poros</strong></span> <span class='ocrx_word' id='word_1_40' title='bbox 1020 1316 1164 1420; x_wconf 87' lang='lat' dir='ltr'><strong>ligneae</strong></span> <span class='ocrx_word' id='word_1_41' title='bbox 1182 1341 1383 1420; x_wconf 86' lang='lat' dir='ltr'><strong>campanae</strong></span> <span class='ocrx_word' id='word_1_42' title='bbox 1401 1319 1531 1422; x_wconf 83' lang='lat' dir='ltr'><strong>ingre-</strong></span> 
     </span>
     <span class='ocr_line' id='line_1_8' title="bbox 186 1421 1676 1628; baseline 0.004 -26"><span class='ocrx_word' id='word_1_43' title='bbox 186 1421 432 1602; x_wconf 55' lang='lat' dir='ltr'><strong>dlelliilsilrbi</strong></span> <span class='ocrx_word' id='word_1_44' title='bbox 449 1521 630 1600; x_wconf 86' lang='lat' dir='ltr'><strong>Aantliae</strong></span> <span class='ocrx_word' id='word_1_45' title='bbox 640 1517 906 1620; x_wconf 87' lang='lat' dir='ltr'><strong>pneumaticae</strong></span> <span class='ocrx_word' id='word_1_46' title='bbox 917 1517 1142 1618; x_wconf 90' lang='lat' dir='ltr'><strong>imponatur</strong></span> <span class='ocrx_word' id='word_1_47' title='bbox 1157 1473 1361 1628; x_wconf 83' lang='lat' dir='ltr'><strong>cylindrus</strong></span> <span class='ocrx_word' id='word_1_48' title='bbox 1375 1527 1529 1604; x_wconf 85' lang='lat' dir='ltr'><strong>vitreus</strong></span> <span class='ocrx_word' id='word_1_49' title='bbox 1550 1533 1623 1613; x_wconf 73' lang='grc' dir='ltr'><strong>Ταῦ.</strong></span> <span class='ocrx_word' id='word_1_50' title='bbox 1646 1548 1676 1623; x_wconf 80' lang='lat'><strong>1,</strong></span> 
     </span>
    </p>
   </div>
   <div class='ocr_carea' id='block_1_5' title="bbox 98 1621 1686 4368">
    <p class='ocr_par' dir='ltr' id='par_1_6' title="bbox 190 1621 1683 1742">
     <span class='ocr_line' id='line_1_9' title="bbox 190 1621 1683 1742; baseline 0.002 -38"><span class='ocrx_word' id='word_1_51' title='bbox 190 1631 247 1723; x_wconf 85' lang='lat' dir='ltr'><strong>B,</strong></span> <span class='ocrx_word' id='word_1_52' title='bbox 272 1625 340 1726; x_wconf 89' lang='lat' dir='ltr'><strong>qui</strong></span> <span class='ocrx_word' id='word_1_53' title='bbox 360 1626 526 1725; x_wconf 85' lang='lat' dir='ltr'>superne</span> <span class='ocrx_word' id='word_1_54' title='bbox 553 1623 593 1700; x_wconf 90' lang='lat' dir='ltr'><strong>in</strong></span> <span class='ocrx_word' id='word_1_55' title='bbox 612 1624 687 1708; x_wconf 83' lang='lat' dir='ltr'><strong>EE</strong></span> <span class='ocrx_word' id='word_1_56' title='bbox 708 1621 967 1721; x_wconf 91' lang='lat' dir='ltr'><strong>interjacente</strong></span> <span class='ocrx_word' id='word_1_57' title='bbox 998 1643 1090 1700; x_wconf 89' lang='lat' dir='ltr'><strong>cera</strong></span> <span class='ocrx_word' id='word_1_58' title='bbox 1116 1639 1299 1704; x_wconf 88' lang='lat' dir='ltr'><strong>accurate</strong></span> <span class='ocrx_word' id='word_1_59' title='bbox 1326 1625 1528 1707; x_wconf 86' lang='lat' dir='ltr'><strong>claudatur</strong></span> <span class='ocrx_word' id='word_1_60' title='bbox 1542 1639 1609 1742; x_wconf 64' lang='lat' dir='ltr'><strong>Frg.</strong></span> <span class='ocrx_word' id='word_1_61' title='bbox 1638 1671 1683 1724; x_wconf 87' lang='lat' dir='ltr'><strong>ro.</strong></span> 
     </span>
    </p>

    <p class='ocr_par' dir='ltr' id='par_1_7' title="bbox 189 1721 1522 1837">
     <span class='ocr_line' id='line_1_10' title="bbox 189 1721 1522 1837; baseline 0.003 -33"><span class='ocrx_word' id='word_1_62' title='bbox 189 1725 315 1827; x_wconf 84' lang='lat' dir='ltr'><strong>lignea</strong></span> <span class='ocrx_word' id='word_1_63' title='bbox 340 1727 457 1806; x_wconf 86' lang='lat' dir='ltr'><strong>crall&#39;a</strong></span> <span class='ocrx_word' id='word_1_64' title='bbox 477 1721 627 1836; x_wconf 84' lang='lat' dir='ltr'><strong>pyxide</strong></span> <span class='ocrx_word' id='word_1_65' title='bbox 648 1727 704 1823; x_wconf 92' lang='lat' dir='ltr'><strong>C,</strong></span> <span class='ocrx_word' id='word_1_66' title='bbox 732 1745 871 1837; x_wconf 80' lang='lat' dir='ltr'><strong>aquam</strong></span> <span class='ocrx_word' id='word_1_67' title='bbox 900 1724 963 1800; x_wconf 90' lang='lat' dir='ltr'><strong>vel</strong></span> <span class='ocrx_word' id='word_1_68' title='bbox 990 1728 1232 1808; x_wconf 87' lang='lat' dir='ltr'><strong>mercurium</strong></span> <span class='ocrx_word' id='word_1_69' title='bbox 1257 1730 1522 1833; x_wconf 70' lang='lat' dir='ltr'><strong>continente,</strong></span> 
     </span>
    </p>

    <p class='ocr_par' dir='ltr' id='par_1_8' title="bbox 145 1821 1526 1931">
     <span class='ocr_line' id='line_1_11' title="bbox 145 1821 1526 1931; baseline 0.002 -25"><span class='ocrx_word' id='word_1_70' title='bbox 145 1858 149 1864; x_wconf 95' lang='lat'>·</span> <span class='ocrx_word' id='word_1_71' title='bbox 189 1829 257 1910; x_wconf 89' lang='lat' dir='ltr'><strong>ubi</strong></span> <span class='ocrx_word' id='word_1_72' title='bbox 273 1837 404 1909; x_wconf 74' lang='lat' dir='ltr'><strong>aerem</strong></span> <span class='ocrx_word' id='word_1_73' title='bbox 420 1821 618 1928; x_wconf 82' lang='lat' dir='ltr'><strong>inceperis</strong></span> <span class='ocrx_word' id='word_1_74' title='bbox 636 1848 686 1904; x_wconf 88' lang='lat' dir='ltr'><strong>ex</strong></span> <span class='ocrx_word' id='word_1_75' title='bbox 705 1823 888 1927; x_wconf 81' lang='lat' dir='ltr'><strong>cylindro</strong></span> <span class='ocrx_word' id='word_1_76' title='bbox 908 1833 938 1903; x_wconf 89' lang='lat' dir='ltr'>B</span> <span class='ocrx_word' id='word_1_77' title='bbox 960 1829 1189 1931; x_wconf 79' lang='lat' dir='ltr'><strong>extrahere,</strong></span> <span class='ocrx_word' id='word_1_78' title='bbox 1215 1829 1368 1909; x_wconf 91' lang='lat' dir='ltr'><strong>videbis</strong></span> <span class='ocrx_word' id='word_1_79' title='bbox 1385 1831 1526 1930; x_wconf 86' lang='lat' dir='ltr'><strong>jucun-</strong></span> 
     </span>
    </p>

    <p class='ocr_par' dir='ltr' id='par_1_9' title="bbox 191 1926 1525 2030">
     <span class='ocr_line' id='line_1_12' title="bbox 191 1926 1525 2030; baseline -0.001 -20"><span class='ocrx_word' id='word_1_80' title='bbox 191 1932 282 2014; x_wconf 88' lang='lat' dir='ltr'><strong>dum</strong></span> <span class='ocrx_word' id='word_1_81' title='bbox 301 1929 565 2030; x_wconf 70' lang='lat' dir='ltr'><strong>spectaculum</strong></span> <span class='ocrx_word' id='word_1_82' title='bbox 583 1955 602 2029; x_wconf 60' lang='lat'><strong>3,</strong></span> <span class='ocrx_word' id='word_1_83' title='bbox 623 1951 722 2029; x_wconf 89' lang='lat' dir='ltr'><strong>aqua</strong></span> <span class='ocrx_word' id='word_1_84' title='bbox 740 1926 804 2008; x_wconf 91' lang='lat' dir='ltr'><strong>vel</strong></span> <span class='ocrx_word' id='word_1_85' title='bbox 828 1929 1050 2006; x_wconf 89' lang='lat' dir='ltr'><strong>mercurius</strong></span> <span class='ocrx_word' id='word_1_86' title='bbox 1078 1930 1130 2008; x_wconf 93' lang='lat' dir='ltr'><strong>ob</strong></span> <span class='ocrx_word' id='word_1_87' title='bbox 1155 1933 1345 2011; x_wconf 88' lang='lat' dir='ltr'><strong>sublatum</strong></span> <span class='ocrx_word' id='word_1_88' title='bbox 1368 1935 1525 2012; x_wconf 87' lang='lat' dir='ltr'><strong>externi</strong></span> 
     </span>
    </p>

    <p class='ocr_par' dir='ltr' id='par_1_10' title="bbox 189 2025 1527 2135">
     <span class='ocr_line' id='line_1_13' title="bbox 189 2025 1527 2135; baseline -0.004 -17"><span class='ocrx_word' id='word_1_89' title='bbox 189 2030 471 2134; x_wconf 83' lang='lat' dir='ltr'><strong>interiorisque</strong></span> <span class='ocrx_word' id='word_1_90' title='bbox 489 2029 599 2118; x_wconf 81' lang='lat' dir='ltr'><strong>¹n&#39;e‘ris</strong></span> <span class='ocrx_word' id='word_1_91' title='bbox 627 2025 893 2130; x_wconf 83' lang='lat' dir='ltr'><strong>aequilihrium</strong></span> <span class='ocrx_word' id='word_1_92' title='bbox 916 2034 931 2133; x_wconf 88' lang='lat'>(</span> <span class='ocrx_word' id='word_1_93' title='bbox 952 2033 985 2130; x_wconf 69' lang='lat' dir='ltr'><strong>l.</strong></span> <span class='ocrx_word' id='word_1_94' title='bbox 1008 2036 1117 2135; x_wconf 83' lang='lat'>179)</span> <span class='ocrx_word' id='word_1_95' title='bbox 1146 2057 1217 2134; x_wconf 92' lang='lat' dir='ltr'><strong>per</strong></span> <span class='ocrx_word' id='word_1_96' title='bbox 1234 2033 1353 2135; x_wconf 83' lang='lat' dir='ltr'><strong>lignei</strong></span> <span class='ocrx_word' id='word_1_97' title='bbox 1381 2035 1527 2114; x_wconf 82' lang='lat' dir='ltr'>vasculi</span> 
     </span>
    </p>

    <p class='ocr_par' dir='ltr' id='par_1_11' title="bbox 187 2131 1523 2242">
     <span class='ocr_line' id='line_1_14' title="bbox 187 2131 1523 2242; baseline -0.003 -25"><span class='ocrx_word' id='word_1_98' title='bbox 187 2135 395 2238; x_wconf 82' lang='lat' dir='ltr'><strong>pertransit</strong></span> <span class='ocrx_word' id='word_1_99' title='bbox 405 2155 549 2234; x_wconf 76' lang='lat' dir='ltr'><strong>poroS,</strong></span> <span class='ocrx_word' id='word_1_100' title='bbox 569 2133 844 2242; x_wconf 80' lang='lat' dir='ltr'><strong>&amp;argenteam</strong></span> <span class='ocrx_word' id='word_1_101' title='bbox 864 2132 903 2208; x_wconf 90' lang='lat' dir='ltr'><strong>in</strong></span> <span class='ocrx_word' id='word_1_102' title='bbox 921 2131 1102 2236; x_wconf 86' lang='lat' dir='ltr'><strong>cylindro</strong></span> <span class='ocrx_word' id='word_1_103' title='bbox 1120 2136 1293 2236; x_wconf 84' lang='lat' dir='ltr'><strong>pluviam</strong></span> <span class='ocrx_word' id='word_1_104' title='bbox 1311 2137 1523 2236; x_wconf 87' lang='lat' dir='ltr'><strong>producet.</strong></span> 
     </span>
    </p>

    <p class='ocr_par' dir='ltr' id='par_1_12' title="bbox 192 2231 1684 2336">
     <span class='ocr_line' id='line_1_15' title="bbox 192 2231 1684 2336; baseline 0.002 -19"><span class='ocrx_word' id='word_1_105' title='bbox 192 2295 207 2306; x_wconf 78' lang='grc'><strong>-</strong></span> <span class='ocrx_word' id='word_1_106' title='bbox 256 2242 333 2318; x_wconf 89' lang='grc' dir='ltr'><strong>ΙΙΙ.</strong></span> <span class='ocrx_word' id='word_1_107' title='bbox 349 2232 464 2334; x_wconf 82' lang='lat' dir='ltr'><strong>Ligni</strong></span> <span class='ocrx_word' id='word_1_108' title='bbox 476 2235 661 2331; x_wconf 84' lang='lat' dir='ltr'><strong>porolitas</strong></span> <span class='ocrx_word' id='word_1_109' title='bbox 674 2234 883 2330; x_wconf 84' lang='lat' dir='ltr'><strong>plurimum</strong></span> <span class='ocrx_word' id='word_1_110' title='bbox 896 2234 1054 2312; x_wconf 82' lang='lat' dir='ltr'><strong>confert</strong></span> <span class='ocrx_word' id='word_1_111' title='bbox 1071 2237 1244 2316; x_wconf 90' lang='lat' dir='ltr'><strong>inartem</strong></span> <span class='ocrx_word' id='word_1_112' title='bbox 1261 2235 1531 2336; x_wconf 87' lang='lat' dir='ltr'><strong>lapicidinam:</strong></span> <span class='ocrx_word' id='word_1_113' title='bbox 1552 2231 1631 2313; x_wconf 83' lang='lat' dir='ltr'><strong>Tab.</strong></span> <span class='ocrx_word' id='word_1_114' title='bbox 1654 2247 1684 2320; x_wconf 91' lang='lat'><strong>1.</strong></span> 
     </span>
    </p>

    <p class='ocr_par' dir='ltr' id='par_1_13' title="bbox 190 2329 1686 2442">
     <span class='ocr_line' id='line_1_16' title="bbox 190 2329 1686 2442; baseline 0.001 -24"><span class='ocrx_word' id='word_1_115' title='bbox 190 2340 236 2418; x_wconf 85' lang='lat' dir='ltr'><strong>stt</strong></span> <span class='ocrx_word' id='word_1_116' title='bbox 251 2333 488 2416; x_wconf 88' lang='lat' dir='ltr'><strong>dividendus</strong></span> <span class='ocrx_word' id='word_1_117' title='bbox 509 2331 604 2431; x_wconf 88' lang='lat' dir='ltr'><strong>lapis</strong></span> <span class='ocrx_word' id='word_1_118' title='bbox 627 2329 868 2437; x_wconf 88' lang='lat' dir='ltr'><strong>cylindricus</strong></span> <span class='ocrx_word' id='word_1_119' title='bbox 886 2339 997 2433; x_wconf 70' lang='grc' dir='ltr'><strong>ΑΛ,</strong></span> <span class='ocrx_word' id='word_1_120' title='bbox 1027 2361 1145 2438; x_wconf 87' lang='lat' dir='ltr'><strong>quem</strong></span> <span class='ocrx_word' id='word_1_121' title='bbox 1168 2337 1330 2440; x_wconf 91' lang='lat' dir='ltr'><strong>quidem</strong></span> <span class='ocrx_word' id='word_1_122' title='bbox 1344 2339 1445 2418; x_wconf 91' lang='lat' dir='ltr'><strong>nolis</strong></span> <span class='ocrx_word' id='word_1_123' title='bbox 1465 2356 1527 2418; x_wconf 91' lang='lat' dir='ltr'><strong>to·</strong></span> <span class='ocrx_word' id='word_1_124' title='bbox 1544 2336 1617 2442; x_wconf 74' lang='lat' dir='ltr'><strong>Fig.</strong></span> <span class='ocrx_word' id='word_1_125' title='bbox 1645 2369 1686 2420; x_wconf 88' lang='lat' dir='ltr'><strong>n.</strong></span> 
     </span>
    </p>

    <p class='ocr_par' dir='ltr' id='par_1_14' title="bbox 191 2433 1528 2544">
     <span class='ocr_line' id='line_1_17' title="bbox 191 2433 1528 2544; baseline 0.003 -27"><span class='ocrx_word' id='word_1_126' title='bbox 191 2451 277 2518; x_wconf 88' lang='lat' dir='ltr'><strong>tum</strong></span> <span class='ocrx_word' id='word_1_127' title='bbox 297 2437 400 2516; x_wconf 85' lang='lat' dir='ltr'><strong>serra</strong></span> <span class='ocrx_word' id='word_1_128' title='bbox 415 2436 576 2520; x_wconf 89' lang='lat' dir='ltr'><strong>moleste</strong></span> <span class='ocrx_word' id='word_1_129' title='bbox 594 2435 752 2535; x_wconf 88' lang='lat' dir='ltr'><strong>secare,</strong></span> <span class='ocrx_word' id='word_1_130' title='bbox 778 2457 912 2537; x_wconf 89' lang='lat' dir='ltr'><strong>neque</strong></span> <span class='ocrx_word' id='word_1_131' title='bbox 937 2433 1051 2514; x_wconf 90' lang='lat' dir='ltr'><strong>etiam</strong></span> <span class='ocrx_word' id='word_1_132' title='bbox 1072 2438 1227 2538; x_wconf 69' lang='lat' dir='ltr'><strong>‘scalpro</strong></span> <span class='ocrx_word' id='word_1_133' title='bbox 1255 2442 1301 2519; x_wconf 92' lang='lat' dir='ltr'><strong>ad</strong></span> <span class='ocrx_word' id='word_1_134' title='bbox 1320 2439 1423 2522; x_wconf 87' lang='lat' dir='ltr'><strong>illius</strong></span> <span class='ocrx_word' id='word_1_135' title='bbox 1443 2441 1528 2544; x_wconf 90' lang='lat' dir='ltr'><strong>pos-</strong></span> 
     </span>
    </p>

    <p class='ocr_par' dir='ltr' id='par_1_15' title="bbox 190 2533 1529 2646">
     <span class='ocr_line' id='line_1_18' title="bbox 190 2533 1529 2646; baseline 0.004 -29"><span class='ocrx_word' id='word_1_136' title='bbox 190 2541 237 2620; x_wconf 87' lang='lat' dir='ltr'><strong>srs</strong></span> <span class='ocrx_word' id='word_1_137' title='bbox 257 2563 367 2617; x_wconf 84' lang='lat' dir='ltr'><strong>axem</strong></span> <span class='ocrx_word' id='word_1_138' title='bbox 385 2535 612 2636; x_wconf 84' lang='lat' dir='ltr'><strong>pertingere</strong></span> <span class='ocrx_word' id='word_1_139' title='bbox 634 2567 645 2634; x_wconf 83' lang='lat'>3</span> <span class='ocrx_word' id='word_1_140' title='bbox 669 2537 859 2634; x_wconf 82' lang='lat' dir='ltr'><strong>scalpatur</strong></span> <span class='ocrx_word' id='word_1_141' title='bbox 882 2533 1004 2638; x_wconf 74' lang='lat' dir='ltr'><strong>igitur</strong></span> <span class='ocrx_word' id='word_1_142' title='bbox 1015 2537 1117 2618; x_wconf 85' lang='lat' dir='ltr'><strong>linea</strong></span> <span class='ocrx_word' id='word_1_143' title='bbox 1131 2547 1228 2642; x_wconf 79' lang='lat' dir='ltr'><strong>BR,</strong></span> <span class='ocrx_word' id='word_1_144' title='bbox 1250 2565 1294 2623; x_wconf 89' lang='lat' dir='ltr'><strong>ea</strong></span> <span class='ocrx_word' id='word_1_145' title='bbox 1311 2567 1389 2646; x_wconf 88' lang='lat' dir='ltr'><strong>qua</strong></span> <span class='ocrx_word' id='word_1_146' title='bbox 1413 2543 1529 2623; x_wconf 89' lang='lat' dir='ltr'><strong>liceat</strong></span> 
     </span>
    </p>

    <p class='ocr_par' dir='ltr' id='par_1_16' title="bbox 188 2639 1530 2747">
     <span class='ocr_line' id='line_1_19' title="bbox 188 2639 1530 2747; baseline -0.001 -26"><span class='ocrx_word' id='word_1_147' title='bbox 188 2640 475 2744; x_wconf 66' lang='lat' dir='ltr'><strong>profunditate,</strong></span> <span class='ocrx_word' id='word_1_148' title='bbox 493 2654 613 2741; x_wconf 88' lang='lat' dir='ltr'><strong>atque</strong></span> <span class='ocrx_word' id='word_1_149' title='bbox 629 2639 876 2728; x_wconf 85' lang='lat' dir='ltr'><strong>incutiantur</strong></span> <span class='ocrx_word' id='word_1_150' title='bbox 893 2639 934 2714; x_wconf 89' lang='lat' dir='ltr'><strong>in</strong></span> <span class='ocrx_word' id='word_1_151' title='bbox 949 2661 1032 2718; x_wconf 89' lang='lat' dir='ltr'><strong>eam</strong></span> <span class='ocrx_word' id='word_1_152' title='bbox 1044 2644 1163 2722; x_wconf 90' lang='lat' dir='ltr'><strong>cunei</strong></span> <span class='ocrx_word' id='word_1_153' title='bbox 1181 2647 1313 2744; x_wconf 91' lang='lat' dir='ltr'><strong>plures</strong></span> <span class='ocrx_word' id='word_1_154' title='bbox 1325 2649 1398 2725; x_wconf 86' lang='lat' dir='ltr'><strong>CC</strong></span> <span class='ocrx_word' id='word_1_155' title='bbox 1410 2644 1530 2747; x_wconf 82' lang='lat' dir='ltr'><strong>lignei</strong></span> 
     </span>
    </p>

    <p class='ocr_par' dir='ltr' id='par_1_17' title="bbox 190 2741 1533 2842">
     <span class='ocr_line' id='line_1_20' title="bbox 190 2741 1533 2842; baseline -0.001 -18"><span class='ocrx_word' id='word_1_156' title='bbox 190 2741 408 2841; x_wconf 82' lang='lat' dir='ltr'><strong>ficciffimi3</strong></span> <span class='ocrx_word' id='word_1_157' title='bbox 452 2742 689 2836; x_wconf 87' lang='lat' dir='ltr'><strong>superbene</strong></span> <span class='ocrx_word' id='word_1_158' title='bbox 714 2741 887 2826; x_wconf 85' lang='lat' dir='ltr'><strong>firmatos</strong></span> <span class='ocrx_word' id='word_1_159' title='bbox 914 2761 1065 2818; x_wconf 90' lang='lat' dir='ltr'><strong>cuneos</strong></span> <span class='ocrx_word' id='word_1_160' title='bbox 1086 2743 1312 2824; x_wconf 82' lang='lat' dir='ltr'><strong>affundatur</strong></span> <span class='ocrx_word' id='word_1_161' title='bbox 1339 2769 1359 2819; x_wconf 92' lang='lat' dir='ltr'><strong>a</strong></span> <span class='ocrx_word' id='word_1_162' title='bbox 1388 2769 1466 2842; x_wconf 88' lang='lat' dir='ltr'><strong>ua,</strong></span> <span class='ocrx_word' id='word_1_163' title='bbox 1494 2746 1533 2822; x_wconf 84' lang='lat' dir='ltr'><strong>dt</strong></span> 
     </span>
    </p>

    <p class='ocr_par' dir='ltr' id='par_1_18' title="bbox 190 2774 1532 2945">
     <span class='ocr_line' id='line_1_21' title="bbox 190 2774 1532 2945; baseline -0.001 -21"><span class='ocrx_word' id='word_1_164' title='bbox 190 2845 383 2925; x_wconf 83' lang='lat' dir='ltr'><strong>attrahent</strong></span> <span class='ocrx_word' id='word_1_165' title='bbox 398 2855 546 2922; x_wconf 86' lang='lat' dir='ltr'><strong>tantum</strong></span> <span class='ocrx_word' id='word_1_166' title='bbox 566 2862 681 2943; x_wconf 86' lang='lat' dir='ltr'><strong>aquae</strong></span> <span class='ocrx_word' id='word_1_167' title='bbox 695 2841 818 2941; x_wconf 86' lang='lat' dir='ltr'><strong>lignei</strong></span> <span class='ocrx_word' id='word_1_168' title='bbox 841 2839 977 2937; x_wconf 88' lang='lat' dir='ltr'><strong>cunei,</strong></span> <span class='ocrx_word' id='word_1_169' title='bbox 1006 2856 1051 2918; x_wconf 89' lang='lat' dir='ltr'><strong>ut</strong></span> <span class='ocrx_word' id='word_1_170' title='bbox 1068 2844 1237 2945; x_wconf 84' lang='lat' dir='ltr'><strong>lapidem</strong></span> <span class='ocrx_word' id='word_1_171' title='bbox 1254 2849 1344 2925; x_wconf 62' lang='lat' dir='ltr'><strong>Aah</strong></span> <span class='ocrx_word' id='word_1_172' title='bbox 1361 2774 1532 2923; x_wconf 71' lang='lat' dir='ltr'><strong>disrum-</strong></span> 
     </span>
    </p>

    <p class='ocr_par' dir='ltr' id='par_1_19' title="bbox 216 2963 297 3032">
     <span class='ocr_line' id='line_1_22' title="bbox 216 2963 297 3032; baseline -0.111 0"><span class='ocrx_word' id='word_1_173' title='bbox 216 2963 297 3032; x_wconf 89' lang='lat' dir='ltr'><strong>ant.</strong></span> 
     </span>
    </p>

    <p class='ocr_par' dir='ltr' id='par_1_20' title="bbox 186 2969 1532 3149">
     <span class='ocr_line' id='line_1_23' title="bbox 186 2969 1532 3149; baseline 0.007 -26"><span class='ocrx_word' id='word_1_174' title='bbox 186 2969 233 3136; x_wconf 57' lang='lat' dir='ltr'><strong>p,</strong></span> <span class='ocrx_word' id='word_1_175' title='bbox 257 3051 334 3130; x_wconf 90' lang='lat' dir='ltr'><strong>IV.</strong></span> <span class='ocrx_word' id='word_1_176' title='bbox 362 3043 512 3138; x_wconf 84' lang='lat' dir='ltr'><strong>Testae,</strong></span> <span class='ocrx_word' id='word_1_177' title='bbox 525 3039 703 3144; x_wconf 87' lang='lat' dir='ltr'><strong>quamvis</strong></span> <span class='ocrx_word' id='word_1_178' title='bbox 721 3036 769 3118; x_wconf 90' lang='lat' dir='ltr'><strong>ad</strong></span> <span class='ocrx_word' id='word_1_179' title='bbox 780 3037 964 3120; x_wconf 89' lang='lat' dir='ltr'><strong>duritiem</strong></span> <span class='ocrx_word' id='word_1_180' title='bbox 976 3039 1156 3123; x_wconf 80' lang='lat' dir='ltr'><strong>exeottae</strong></span> <span class='ocrx_word' id='word_1_181' title='bbox 1175 3045 1275 3124; x_wconf 88' lang='lat' dir='ltr'><strong>adeo</strong></span> <span class='ocrx_word' id='word_1_182' title='bbox 1289 3051 1394 3149; x_wconf 88' lang='lat' dir='ltr'><strong>poris</strong></span> <span class='ocrx_word' id='word_1_183' title='bbox 1404 3053 1532 3146; x_wconf 69' lang='lat' dir='ltr'><strong>refer-⁸</strong></span> 
     </span>
    </p>

    <p class='ocr_par' dir='ltr' id='par_1_21' title="bbox 192 3139 1528 3253">
     <span class='ocr_line' id='line_1_24' title="bbox 192 3139 1528 3253; baseline 0.003 -23"><span class='ocrx_word' id='word_1_184' title='bbox 192 3166 247 3230; x_wconf 86' lang='lat' dir='ltr'><strong>tae</strong></span> <span class='ocrx_word' id='word_1_185' title='bbox 269 3149 381 3245; x_wconf 89' lang='lat' dir='ltr'><strong>sunt,</strong></span> <span class='ocrx_word' id='word_1_186' title='bbox 408 3160 453 3226; x_wconf 92' lang='lat' dir='ltr'><strong>ut</strong></span> <span class='ocrx_word' id='word_1_187' title='bbox 472 3141 622 3220; x_wconf 81' lang='lat' dir='ltr'><strong>immiffi</strong></span> <span class='ocrx_word' id='word_1_188' title='bbox 651 3139 819 3242; x_wconf 87' lang='lat' dir='ltr'><strong>liquoris</strong></span> <span class='ocrx_word' id='word_1_189' title='bbox 838 3141 979 3222; x_wconf 86' lang='lat' dir='ltr'><strong>bonam</strong></span> <span class='ocrx_word' id='word_1_190' title='bbox 1004 3161 1154 3242; x_wconf 88' lang='lat' dir='ltr'><strong>partem</strong></span> <span class='ocrx_word' id='word_1_191' title='bbox 1172 3147 1381 3253; x_wconf 78' lang='lat' dir='ltr'><strong>imbibant,</strong></span> <span class='ocrx_word' id='word_1_192' title='bbox 1409 3169 1528 3238; x_wconf 87' lang='lat' dir='ltr'><strong>atoue</strong></span> 
     </span>
    </p>

    <p class='ocr_par' dir='ltr' id='par_1_22' title="bbox 192 3239 1537 3456">
     <span class='ocr_line' id='line_1_25' title="bbox 192 3239 1474 3350; baseline -0.002 -22"><span class='ocrx_word' id='word_1_193' title='bbox 192 3248 295 3330; x_wconf 86' lang='lat' dir='ltr'><strong>illius</strong></span> <span class='ocrx_word' id='word_1_194' title='bbox 312 3245 478 3350; x_wconf 88' lang='lat' dir='ltr'><strong>liquoris</strong></span> <span class='ocrx_word' id='word_1_195' title='bbox 499 3245 666 3323; x_wconf 89' lang='lat' dir='ltr'><strong>odorem</strong></span> <span class='ocrx_word' id='word_1_196' title='bbox 692 3239 898 3330; x_wconf 84' lang='lat' dir='ltr'><strong>diutiffime</strong></span> <span class='ocrx_word' id='word_1_197' title='bbox 921 3247 1170 3327; x_wconf 86' lang='lat' dir='ltr'><strong>conservent.</strong></span> <span class='ocrx_word' id='word_1_198' title='bbox 1257 3297 1260 3304; x_wconf 90' lang='lat'>·</span> <span class='ocrx_word' id='word_1_199' title='bbox 1463 3242 1474 3258; x_wconf 70' lang='lat'><strong>⁴</strong></span> 
     </span>
     <span class='ocr_line' id='line_1_26' title="bbox 274 3343 1537 3456; baseline 0.004 -27"><span class='ocrx_word' id='word_1_200' title='bbox 274 3353 328 3429; x_wconf 90' lang='lat' dir='ltr'><strong>V.</strong></span> <span class='ocrx_word' id='word_1_201' title='bbox 357 3357 400 3428; x_wconf 88' lang='lat' dir='ltr'><strong>ln</strong></span> <span class='ocrx_word' id='word_1_202' title='bbox 417 3345 624 3430; x_wconf 84' lang='lat' dir='ltr'><strong>Leodiensr</strong></span> <span class='ocrx_word' id='word_1_203' title='bbox 643 3367 736 3444; x_wconf 84' lang='lat' dir='ltr'><strong>agro</strong></span> <span class='ocrx_word' id='word_1_204' title='bbox 750 3343 873 3428; x_wconf 85' lang='lat' dir='ltr'><strong>durus</strong></span> <span class='ocrx_word' id='word_1_205' title='bbox 885 3343 980 3444; x_wconf 92' lang='lat' dir='ltr'><strong>lapis</strong></span> <span class='ocrx_word' id='word_1_206' title='bbox 1001 3345 1206 3450; x_wconf 86' lang='lat' dir='ltr'><strong>effoditur,</strong></span> <span class='ocrx_word' id='word_1_207' title='bbox 1228 3377 1277 3431; x_wconf 89' lang='lat' dir='ltr'><strong>ex</strong></span> <span class='ocrx_word' id='word_1_208' title='bbox 1297 3377 1378 3456; x_wconf 90' lang='lat' dir='ltr'><strong>quo</strong></span> <span class='ocrx_word' id='word_1_209' title='bbox 1395 3373 1537 3434; x_wconf 88' lang='lat' dir='ltr'><strong>morta-</strong></span> 
     </span>
    </p>

    <p class='ocr_par' dir='ltr' id='par_1_23' title="bbox 196 3445 1537 3552">
     <span class='ocr_line' id='line_1_27' title="bbox 196 3445 1537 3552; baseline 0.007 -24"><span class='ocrx_word' id='word_1_210' title='bbox 196 3450 264 3530; x_wconf 57' lang='lat' dir='ltr'><strong>ria»</strong></span> <span class='ocrx_word' id='word_1_211' title='bbox 282 3451 410 3528; x_wconf 88' lang='lat' dir='ltr'><strong>liunt:</strong></span> <span class='ocrx_word' id='word_1_212' title='bbox 439 3453 512 3526; x_wconf 86' lang='lat' dir='ltr'><strong>Per</strong></span> <span class='ocrx_word' id='word_1_213' title='bbox 538 3449 627 3544; x_wconf 77' lang='lat' dir='ltr'><strong>haec</strong></span> <span class='ocrx_word' id='word_1_214' title='bbox 653 3445 837 3522; x_wconf 88' lang='lat' dir='ltr'><strong>mortaria</strong></span> <span class='ocrx_word' id='word_1_215' title='bbox 871 3461 1020 3526; x_wconf 88' lang='lat' dir='ltr'><strong>norunt</strong></span> <span class='ocrx_word' id='word_1_216' title='bbox 1046 3450 1229 3534; x_wconf 88' lang='lat' dir='ltr'><strong>Hollandi</strong></span> <span class='ocrx_word' id='word_1_217' title='bbox 1255 3455 1307 3534; x_wconf 90' lang='lat' dir='ltr'><strong>ita</strong></span> <span class='ocrx_word' id='word_1_218' title='bbox 1328 3461 1537 3552; x_wconf 77' lang='lat' dir='ltr'><strong>percolere</strong></span> 
     </span>
    </p>

    <p class='ocr_par' dir='ltr' id='par_1_24' title="bbox 196 3549 1159 3650">
     <span class='ocr_line' id='line_1_28' title="bbox 196 3549 1159 3650; baseline 0.001 -20"><span class='ocrx_word' id='word_1_219' title='bbox 196 3551 393 3636; x_wconf 82' lang='lat' dir='ltr'><strong>coenosam</strong></span> <span class='ocrx_word' id='word_1_220' title='bbox 412 3572 578 3649; x_wconf 85' lang='lat' dir='ltr'><strong>aquam,</strong></span> <span class='ocrx_word' id='word_1_221' title='bbox 605 3559 650 3622; x_wconf 89' lang='lat' dir='ltr'><strong>ut</strong></span> <span class='ocrx_word' id='word_1_222' title='bbox 669 3549 755 3624; x_wconf 88' lang='lat' dir='ltr'><strong>luto</strong></span> <span class='ocrx_word' id='word_1_223' title='bbox 771 3549 929 3644; x_wconf 88' lang='lat' dir='ltr'><strong>penitus</strong></span> <span class='ocrx_word' id='word_1_224' title='bbox 951 3563 1159 3650; x_wconf 86' lang='lat' dir='ltr'><strong>purgetur.</strong></span> 
     </span>
    </p>

    <p class='ocr_par' dir='ltr' id='par_1_25' title="bbox 98 3645 1539 4368">
     <span class='ocr_line' id='line_1_29' title="bbox 249 3645 1539 3755; baseline 0.006 -22"><span class='ocrx_word' id='word_1_225' title='bbox 249 3659 325 3738; x_wconf 92' lang='lat' dir='ltr'><strong>VI.</strong></span> <span class='ocrx_word' id='word_1_226' title='bbox 347 3650 425 3728; x_wconf 78' lang='lat' dir='ltr'><strong>Etsi</strong></span> <span class='ocrx_word' id='word_1_227' title='bbox 438 3645 694 3730; x_wconf 88' lang='lat' dir='ltr'><strong>vitrumadeo</strong></span> <span class='ocrx_word' id='word_1_228' title='bbox 704 3649 949 3746; x_wconf 67' lang='lat' dir='ltr'><strong>compactum</strong></span> <span class='ocrx_word' id='word_1_229' title='bbox 960 3648 1028 3752; x_wconf 86' lang='lat' dir='ltr'><strong>fit,</strong></span> <span class='ocrx_word' id='word_1_230' title='bbox 1049 3651 1279 3755; x_wconf 88' lang='lat' dir='ltr'><strong>utfiquinta</strong></span> <span class='ocrx_word' id='word_1_231' title='bbox 1297 3657 1450 3738; x_wconf 82' lang='lat' dir='ltr'><strong>ellentia</strong></span> <span class='ocrx_word' id='word_1_232' title='bbox 1466 3663 1539 3740; x_wconf 83' lang='lat' dir='ltr'><strong>sul-</strong></span> 
     </span>
     <span class='ocr_line' id='line_1_30' title="bbox 199 3745 1538 3862; baseline 0.007 -28"><span class='ocrx_word' id='word_1_233' title='bbox 199 3754 357 3858; x_wconf 74' lang='lat' dir='ltr'><strong>phuriS,</strong></span> <span class='ocrx_word' id='word_1_234' title='bbox 385 3745 677 3852; x_wconf 83' lang='lat' dir='ltr'><strong>spirituoliffimi</strong></span> <span class='ocrx_word' id='word_1_235' title='bbox 695 3749 855 3852; x_wconf 85' lang='lat' dir='ltr'><strong>odoris,</strong></span> <span class='ocrx_word' id='word_1_236' title='bbox 881 3751 920 3830; x_wconf 90' lang='lat' dir='ltr'><strong>in</strong></span> <span class='ocrx_word' id='word_1_237' title='bbox 945 3753 1145 3852; x_wconf 89' lang='lat' dir='ltr'><strong>ampullam</strong></span> <span class='ocrx_word' id='word_1_238' title='bbox 1166 3754 1423 3862; x_wconf 69' lang='lat' dir='ltr'><strong>infundatur,</strong></span> <span class='ocrx_word' id='word_1_239' title='bbox 1450 3765 1538 3843; x_wconf 87' lang='lat' dir='ltr'><strong>haec</strong></span> 
     </span>
     <span class='ocr_line' id='line_1_31' title="bbox 98 3850 1536 3957; baseline 0.003 -17"><span class='ocrx_word' id='word_1_240' title='bbox 98 3885 101 3892; x_wconf 89' lang='grc'>·</span> <span class='ocrx_word' id='word_1_241' title='bbox 198 3883 298 3940; x_wconf 89' lang='lat' dir='ltr'><strong>vero</strong></span> <span class='ocrx_word' id='word_1_242' title='bbox 328 3852 544 3932; x_wconf 89' lang='lat' dir='ltr'><strong>hermetice</strong></span> <span class='ocrx_word' id='word_1_243' title='bbox 578 3850 811 3953; x_wconf 75' lang='lat' dir='ltr'><strong>claudatur,</strong></span> <span class='ocrx_word' id='word_1_244' title='bbox 854 3851 948 3932; x_wconf 88' lang='lat' dir='ltr'><strong>nihil</strong></span> <span class='ocrx_word' id='word_1_245' title='bbox 980 3852 1196 3957; x_wconf 87' lang='lat' dir='ltr'><strong>quidquam</strong></span> <span class='ocrx_word' id='word_1_246' title='bbox 1227 3857 1454 3943; x_wconf 88' lang='lat' dir='ltr'><strong>advertatur</strong></span> <span class='ocrx_word' id='word_1_247' title='bbox 1486 3865 1536 3944; x_wconf 88' lang='lat' dir='ltr'><strong>de</strong></span> 
     </span>
     <span class='ocr_line' id='line_1_32' title="bbox 202 3951 1536 4054; baseline 0.004 -15"><span class='ocrx_word' id='word_1_248' title='bbox 202 3961 326 4040; x_wconf 87' lang='lat' dir='ltr'><strong>odore</strong></span> <span class='ocrx_word' id='word_1_249' title='bbox 348 3955 415 4034; x_wconf 92' lang='lat' dir='ltr'><strong>illo</strong></span> <span class='ocrx_word' id='word_1_250' title='bbox 439 3951 643 4034; x_wconf 86' lang='lat' dir='ltr'><strong>sortiliimo</strong></span> <span class='ocrx_word' id='word_1_251' title='bbox 662 3979 733 4051; x_wconf 91' lang='lat' dir='ltr'><strong>per</strong></span> <span class='ocrx_word' id='word_1_252' title='bbox 761 3958 963 4052; x_wconf 91' lang='lat' dir='ltr'><strong>ampullam</strong></span> <span class='ocrx_word' id='word_1_253' title='bbox 990 3955 1252 4054; x_wconf 80' lang='lat' dir='ltr'><strong>pertranfire:</strong></span> <span class='ocrx_word' id='word_1_254' title='bbox 1288 3967 1373 4042; x_wconf 89' lang='lat' dir='ltr'><strong>Imo</strong></span> <span class='ocrx_word' id='word_1_255' title='bbox 1390 3965 1415 4044; x_wconf 85' lang='lat' dir='ltr'><strong>st</strong></span> <span class='ocrx_word' id='word_1_256' title='bbox 1433 3967 1536 4045; x_wconf 89' lang='lat' dir='ltr'><strong>intra</strong></span> 
     </span>
     <span class='ocr_line' id='line_1_33' title="bbox 199 4055 1534 4168; baseline 0.002 -28"><span class='ocrx_word' id='word_1_257' title='bbox 199 4084 418 4160; x_wconf 87' lang='lat' dir='ltr'><strong>campanam</strong></span> <span class='ocrx_word' id='word_1_258' title='bbox 440 4059 603 4137; x_wconf 85' lang='lat' dir='ltr'><strong>vitream</strong></span> <span class='ocrx_word' id='word_1_259' title='bbox 621 4055 746 4133; x_wconf 87' lang='lat' dir='ltr'><strong>serina</strong></span> <span class='ocrx_word' id='word_1_260' title='bbox 764 4073 1005 4158; x_wconf 88' lang='lat' dir='ltr'><strong>reponatur,</strong></span> <span class='ocrx_word' id='word_1_261' title='bbox 1026 4057 1335 4144; x_wconf 87' lang='lat' dir='ltr'><strong>animadversum</strong></span> <span class='ocrx_word' id='word_1_262' title='bbox 1356 4067 1448 4168; x_wconf 85' lang='lat' dir='ltr'><strong>suit,</strong></span> <span class='ocrx_word' id='word_1_263' title='bbox 1472 4093 1534 4146; x_wconf 73' lang='lat' dir='ltr'><strong>ca-</strong></span> 
     </span>
     <span class='ocr_line' id='line_1_34' title="bbox 181 4156 1532 4270; baseline 0.007 -32"><span class='ocrx_word' id='word_1_264' title='bbox 181 4185 269 4241; x_wconf 86' lang='lat' dir='ltr'><strong>nes</strong></span> <span class='ocrx_word' id='word_1_265' title='bbox 289 4161 490 4240; x_wconf 87' lang='lat' dir='ltr'><strong>venaticos</strong></span> <span class='ocrx_word' id='word_1_266' title='bbox 514 4156 768 4236; x_wconf 80' lang='lat' dir='ltr'><strong>delicatilhmi</strong></span> <span class='ocrx_word' id='word_1_267' title='bbox 794 4157 959 4237; x_wconf 83' lang='lat' dir='ltr'><strong>olsattus</strong></span> <span class='ocrx_word' id='word_1_268' title='bbox 988 4183 1071 4242; x_wconf 86' lang='lat' dir='ltr'><strong>eam</strong></span> <span class='ocrx_word' id='word_1_269' title='bbox 1101 4187 1181 4240; x_wconf 87' lang='lat' dir='ltr'><strong>non</strong></span> <span class='ocrx_word' id='word_1_270' title='bbox 1200 4170 1443 4270; x_wconf 77' lang='lat' dir='ltr'><strong>percepille3</strong></span> <span class='ocrx_word' id='word_1_271' title='bbox 1475 4171 1532 4250; x_wconf 91' lang='lat' dir='ltr'><strong>his</strong></span> 
     </span>
     <span class='ocr_line' id='line_1_35' title="bbox 201 4258 1532 4368; baseline 0.002 -23"><span class='ocrx_word' id='word_1_272' title='bbox 201 4280 432 4354; x_wconf 82' lang='lat' dir='ltr'><strong>tamennon</strong></span> <span class='ocrx_word' id='word_1_273' title='bbox 450 4259 703 4359; x_wconf 87' lang='lat' dir='ltr'><strong>obstantibus,</strong></span> <span class='ocrx_word' id='word_1_274' title='bbox 723 4258 919 4342; x_wconf 88' lang='lat' dir='ltr'><strong>vitrorum</strong></span> <span class='ocrx_word' id='word_1_275' title='bbox 938 4261 1027 4364; x_wconf 92' lang='lat' dir='ltr'><strong>pori</strong></span> <span class='ocrx_word' id='word_1_276' title='bbox 1044 4261 1125 4344; x_wconf 92' lang='lat' dir='ltr'><strong>luci</strong></span> <span class='ocrx_word' id='word_1_277' title='bbox 1141 4265 1225 4344; x_wconf 86' lang='lat' dir='ltr'><strong>sunt</strong></span> <span class='ocrx_word' id='word_1_278' title='bbox 1240 4266 1367 4368; x_wconf 90' lang='lat' dir='ltr'><strong>pervii</strong></span> <span class='ocrx_word' id='word_1_279' title='bbox 1386 4271 1532 4348; x_wconf 81' lang='lat' dir='ltr'><strong>obstab-</strong></span> 
     </span>
    </p>
   </div>
   <div class='ocr_carea' id='block_1_6' title="bbox 806 4365 1483 4447">
    <p class='ocr_par' dir='ltr' id='par_1_26' title="bbox 806 4365 1483 4447">
     <span class='ocr_line' id='line_1_36' title="bbox 806 4365 1483 4447; baseline 0.003 -3"><span class='ocrx_word' id='word_1_280' title='bbox 806 4365 842 4444; x_wconf 79' lang='grc' dir='ltr'>Κ</span> <span class='ocrx_word' id='word_1_281' title='bbox 1392 4369 1483 4447; x_wconf 83' lang='lat' dir='ltr'><strong>tilis-</strong></span> 
     </span>
    </p>
   </div>
   <div class='ocr_carea' id='block_1_7' title="bbox 0 0 1954 4956">
    <p class='ocr_par' dir='ltr' id='par_1_27' title="bbox 0 0 1954 4956">
     <span class='ocr_line' id='line_1_37' title="bbox 0 0 1954 4956; baseline 0 1"><span class='ocrx_word' id='word_1_282' title='bbox 0 0 1954 4956; x_wconf 95' lang='lat' dir='ltr'><strong> </strong></span> 
     </span>
    </p>
   </div>
  </div>
 </body>
</html>
