3900 4956
444 513 495 586 42
890 514 891 518 ‘
973 499 1188 575 semontis
1223 497 1256 576 Ι.

393 675 574 774 corporis
592 679 775 764 attributa
793 679 832 759 dt
856 679 1114 783 proprietates
1133 682 1186 761 fic
1207 681 1362 783 fluunt,
1390 683 1726 784 quemadmodum

395 799 445 854 ex
462 793 600 860 natura
623 781 762 867 circuli
785 807 920 864 omnes
944 780 1046 862 illius
1072 784 1335 888 proprietates
1362 783 1574 864 necessario
1600 787 1726 870 dedu-

394 887 576 962 cuntur?
604 897 669 963 aut
688 887 755 966 etsi
775 891 1026 988 complexum
1050 887 1224 984 plurium
1241 885 1524 986 proprietatum
1544 915 1584 967 v.
1605 913 1642 990 g.
1668 921 1725 968 rx-

392 989 567 1094 arnstoncm,
578 988 781 1086 soliditatem,
800 1001 942 1066 innatam
962 986 1039 1064 tte.
1070 1011 1162 1090 quae
1182 987 1221 1068 in
1241 987 1421 1066 omnibus
1440 991 1567 1085 passm
1585 1015 1657 1068 oor
1686 1017 1729 1070 o-

391 1083 501 1164 ribus
520 1088 797 1188 observantur,
826 1105 1000 1168 naturam
1022 1089 1096 1166 elle
1116 1089 1296 1188 corporis
1317 1102 1351 1166 a'n
1375 1096 1549 1188 adversam
1569 1094 1635 1189 spe
1675 1095 1728 1174 ati

391 1181 547 1288 interim
565 1191 833 1272 concedamus
852 1219 865 1293 3
893 1189 982 1306 quis
1005 1187 1168 1269 asserere
1187 1188 1280 1268 aufit
1300 1219 1310 1267 a
1337 1201 1487 1302 praeter
1505 1193 1725 1272 observatas

389 1291 654 1388 proprietates
676 1317 756 1370 non
772 1291 848 1370 esse
866 1303 982 1371 'etiam
1006 1292 1094 1370 alias
1123 1289 1285 1389 corpori
1310 1289 1535 1393 attributas,
1565 1291 1616 1372 de
1638 1295 1726 1396 qui-

388 1389 462 1467 bus
476 1393 622 1470 nullam
645 1391 829 1471 hastenus
847 1393 973 1472 ideam
990 1393 1194 1492 habemus,
1214 1383 1252 1468 ἃ
1271 1416 1366 1494 quae
1389 1415 1440 1468 ex
1458 1393 1625 1474 occultis
1643 1398 1727 1478 Dei

390 1491 561 1572 auetoris
583 1492 751 1575 consiliis
774 1517 990 1598 corporum
1013 1494 1280 1574 conditionem
1303 1494 1356 1574 ito
1373 1493 1584 1596 stabiliant,
1612 1511 1658 1578 ut
1678 1497 1725 1577 sr-

390 1617 442 1670 ne
463 1591 517 1671 eis
534 1621 645 1702 corpus
663 1597 839 1676 absolute
859 1620 941 1675 non
968 1595 1059 1675 esset
1077 1623 1090 1696 3
1120 1593 1294 1710 quamvis
1321 1623 1393 1676 nos
1414 1593 1534 1676 dietas
1551 1599 1730 1700 proprie·

391 1707 489 1772 tates
507 1721 589 1776 non
608 1697 890 1801 cognoscamus
924 1725 933 1774 ε
962 1698 1180 1797 praesertrm
1203 1721 1292 1776 cum
1314 1721 1386 1806 nos
1405 1695 1564 1778 minime
1588 1701 1728 1780 lateat:

392 1795 654 1896 proprietates
675 1823 892 1898 corporum
911 1801 1111 1902 generales
1130 1797 1396 1880 recentissimis
1418 1799 1661 1900 temporibus
1672 1802 1728 1882 es·

393 1897 433 1974 se
451 1895 622 1978 detestas
644 1927 685 1978 v.
696 1926 734 2001 g.
755 1907 925 2002 inertiam,
943 1915 1009 1979 olm
1022 1905 1228 1980 attrahentem
1246 1903 1320 1978 &c
1350 1923 1444 2004 quas
1465 1900 1570 1978 acuti
1588 1901 1642 1982 illi
1659 1925 1728 1982 ve·

393 2015 501 2079 teres
522 2002 743 2102 Philosophi
770 2029 853 2084 non
880 2005 1100 2102 viderunt,
1137 2001 1175 2080 ez
1202 2023 1374 2106 quorum
1399 2004 1533 2104 plures
1563 2003 1729 2082 fortassis

379 2098 551 2205 ,posthac
570 2101 820 2203 detegentur.
881 2108 1086 2186 Plumbum
1103 2101 1283 2201 profesto
1302 2127 1382 2182 non
1400 2103 1492 2184 esset
1508 2105 1730 2204 plumbum,

394 2200 463 2280 sed
482 2203 584 2284 aliud
606 2203 731 2305 quid,
759 2205 786 2282 si
812 2228 861 2284 ex
884 2207 1104 2286 necessariis
1130 2203 1206 2282 suis
1228 2205 1531 2302 proprietatibus
1551 2231 1629 2286 una
1648 2225 1732 2287 tan·

395 2322 477 2383 tum
503 2307 675 2385 alterave
694 2305 861 2404 abellet3
915 2308 1037 2414 Quod
1059 2323 1189 2386 autem
1211 2303 1261 2382 de
1281 2305 1535 2386 constitutivo
1556 2307 1733 2388 intrinse-

298 2403 303 2418 '
395 2427 446 2480 co
468 2405 743 2502 specificorum
764 2430 1004 2508 corporum,
1029 2409 1157 2486 hoc&
1180 2403 1230 2484 de
1245 2403 1377 2485 intima
1393 2423 1529 2486 natura
1547 2410 1730 2510 corporis

397 2507 610 2603 generatim
625 2505 765 2608 sumpti
781 2505 992 2592 dicendum
1009 2511 1075 2588 est.
1127 2507 1254 2608 Igitur
1276 2507 1326 2585 de
1347 2503 1483 2606 ignoto
1501 2506 1593 2590 nihil
1611 2527 1733 2590 teme-

398 2629 443 2683 re
462 2609 517 2687 est
543 2607 811 2688 affirmandum
837 2644 845 2692 :
874 2613 978 2693 aliud
1003 2613 1071 2710 est,
1094 2633 1144 2688 ex
1164 2608 1470 2708 proprietatibus
1495 2611 1729 2724 quibusdam

400 2707 573 2790 externis
592 2734 760 2810 corpora
778 2715 1017 2815 agnoscere,
1045 2739 1090 2792 ea
1110 2709 1220 2788 distin
1277 2735 1344 2786 ere
1364 2713 1409 2788 ab
1437 2709 1633 2812 invicem,
1662 2737 1731 2790 eo-

397 2835 573 2916 rumque
591 2811 850 2912 phaenomena
873 2815 1098 2914 explicare,
1127 2835 1208 2913 quo
1262 2811 1376 2892 nobis
1405 2812 1490 2892 satis
1514 2811 1600 2899 esta
1624 2813 1731 2894 aliud

400 2931 529 2998 autem
549 2913 729 3024 intimam,
743 2939 883 2998 eorum
903 2933 1076 3000 naturam
1093 2910 1274 2994 definire.

964 3107 1202 3219 Olrjesiiones.

403 3249 532 3351 §.9.I.
552 3243 782 3419 Extensio
805 3245 882 3326 sola
896 3241 1056 3326 videtur
1072 3243 1313 3324 constituere
1334 3257 1511 3324 naturam
1537 3244 1734 3344 corporis,

643 3363 689 3424 ut
705 3345 817 3426 sentit
836 3353 1010 3447 carritum
1038 3345 1130 3450 quia
1156 3367 1299 3444 nempe
1324 3343 1352 3422 fi
1377 3345 1466 3460 quis
1492 3369 1629 3424 omnes
1649 3369 1741 3422 cor-

406 3449 515 3551 poris
534 3451 794 3547 proprietates
818 3452 855 3528 &
876 3447 1059 3527 attributa
1075 3446 1313 3546 cogitatione
1329 3449 1505 3546 rejiciat,
1524 3447 1671 3527 servata
1687 3463 1742 3526 ta.

406 3573 500 3632 men
523 3551 611 3629 idea
636 3551 814 3649 corporis
840 3550 879 3628 in
898 3563 1055 3648 mente,
1083 3549 1130 3627 ad
1154 3547 1416 3627 extensionem
1442 3545 1580 3626 ultimo
1598 3571 1741 3650 perve-

409 3652 521 3747 niet,
550 3669 668 3758 atque
687 3659 727 3736 in
742 3653 813 3730 hac
829 3653 906 3731 sola
928 3649 1055 3729 ideam
1074 3647 1253 3750 corporis
1268 3649 1527 3728 conservabit.
1590 3654 1645 3728 ΙΙ.
1671 3651 1741 3728 Ni·

413 3755 470 3834 hil
490 3771 598 3833 vetat
615 3780 663 3834 er
686 3757 865 3860 pluribus
885 3751 1189 3851 proprietatibus
1206 3773 1352 3849 corpus
1371 3747 1577 3850 constitui,
1607 3773 1744 3852 quem-

419 3853 632 3934 admodum
647 3883 697 3937 ex
712 3858 842 3956 multis
865 3851 1051 3932 militibus
1070 3853 1322 3953 componitur
1342 3850 1553 3931 exercitus.
1607 3855 1682 3930 III.
1705 3851 1743 3932 si

418 3955 550 4035 sensus
567 3959 747 4040 sufficere
762 3967 972 4058 nequeunt
988 3955 1277 4056 cognoscendae
1291 3975 1507 4053 corporum
1524 3950 1672 4030 intimae
1682 3979 1748 4031 na-

418 4075 549 4161 turae,
571 4063 737 4142 sufficiet
752 4059 876 4156 ratio,
896 4079 973 4158 qua
993 4073 1077 4134 tum
1094 4053 1152 4136 uti
1172 4055 1405 4156 incipimus,
1424 4075 1515 4134 curn
1535 4053 1663 4132 sensus
1679 4053 1748 4132 de-

420 4161 568 4245 ficiunt.
622 4169 698 4244 IV.
727 4165 880 4242 Praeter
901 4159 1096 4238 materiam
1122 4159 1159 4238 dc
1182 4159 1348 4238 sormam
1374 4155 1675 4334 l'eripatetican'r¹
1677 4179 1749 4336 1ἷιι
