3782 4958
466 499 751 582 anuucrm
777 497 850 578 VI.
883 495 955 578 DE
977 500 1146 580 Tenon.
1361 509 1438 605 369

13 697 14 754 l
140 685 335 788 depofita,
361 684 492 763 lenem
521 682 655 784 ignem
679 705 752 782 pro
774 683 942 780 partium
963 683 1203 786 separatione
1230 679 1486 790 sustinebunt,

13 793 14 814 ³
138 792 326 891 majorem
352 783 455 885 ignis
485 785 567 864 vim
595 807 675 863 non
711 783 988 886 sustinebunt,
1024 785 1091 864 sed
1124 786 1166 865 in
1192 799 1355 866 retortae
1383 789 1487 869 collo

13 1061 14 1068 t
138 991 353 1099 quin-imo
379 1003 565 1068 retortam
603 1010 690 1067 cum
718 989 1017 1088 praesentissimo

139 889 333 970 haerentia
356 902 468 991 atque
490 887 700 989 tumentia,
726 909 808 966 non
835 888 1032 988 patientur
1050 902 1181 1065 partes
1205 889 1279 965 rite
1297 888 1485 990 separan3

1078 989 1279 1070 iscrimine
1311 1013 1486 1088 perrum-

138 1109 263 1198 pent,
298 1091 372 1170 nist
400 1089 539 1168 iisdem
565 1114 737 1206 congrua
763 1107 885 1172 terrae
912 1119 997 1192 pars
1022 1091 1189 1174 admixta
1214 1090 1362 1193 suerit,
1394 1115 1486 1198 quae

13 1201 15 1252 ;
138 1201 230 1281 alias
246 1212 373 1296 partes
390 1194 431 1294 in
450 1195 544 1294 igne
559 1211 740 1294 renneat,
755 1193 917 1274 aliarum
937 1193 1217 1296 separationem
1233 1209 1432 1294 procuret

13 1331 15 1358 ⁵
71 1329 105 1365 *ν
242 1301 333 1380 VII.
386 1295 553 1376 Cineres
579 1293 783 1398 aliquoties
808 1295 1028 1399 elixantur,
1055 1313 1169 1401 atque
1197 1323 1217 1374 a
1245 1292 1386 1376 salibus
1411 1295 1488 1377 suis

140 1405 245 1483 bene
273 1397 513 1500 depurantur
524 1423 540 1514 3
577 1399 681 1476 inter
706 1423 804 1506 quos
826 1399 980 1479 cineres
1005 1400 1214 1480 censentur
1234 1395 1308 1474 elle
1333 1400 1486 1502 optimi,

138 1506 204 1611 qui
234 1527 283 1583 ex
307 1503 449 1583 offiblls
470 1500 718 1600 animalium,
746 1501 870 1604 capite
896 1503 1035 1604 vituli,
1061 1502 1294 1603 caeterisque
1322 1501 1484 1599 piscium

138 1609 283 1688 ollibus
309 1603 521 1684 combustis
548 1601 760 1703 supersunt.
814 1607 919 1684 Tum
944 1605 1061 1684 affusa
1088 1631 1183 1706 pura
1210 1627 1306 1707 aqua
1330 1602 1371 1682 in
1391 1627 1485 1682 con·

138 1709 338 1790 fistentem
365 1703 515 1784 massam
542 1704 834 1809 coagulentur,
867 1705 1086 1788 formantur
1120 1727 1168 1785 ex
1192 1705 1259 1784 illa
1287 1706 1398 1784 malla
1421 1729 1488 1787 cu·

137 1813 260 1914 pellae
291 1806 581 1908 docimasticae,
614 1829 706 1911 quae
733 1827 882 1890 certum
909 1811 995 1891 sunt
1035 1810 1158 1892 veluti
1187 1807 1401 1910 balneum,
1444 1807 1487 1888 in

13 1927 22 2004 Γ
91 1913 220 2016 ἠιιο
257 1934 334 2013 ope
361 1909 496 2011 liquati
533 1909 682 2010 plumbi
718 1909 930 2009 impuriora
963 1911 1119 1988 metalla
1155 1909 1484 1991 adsortiffimum
1549 1911 1582 1964 '·

137 2018 270 2118 ignem
290 2014 500 2114 eluuntur,
520 2015 557 2094 dt
580 2009 771 2110 superstes
787 2009 969 2092 duntaxat
991 2037 1126 2094 aurum
1144 2027 1257 2120 atque
1274 2025 1484 2114 argentum

137 2129 314 2201 remanet
337 2114 566 2219 incorrupta
592 2113 754 2215 cupella.

694 2291 931 2400 Objesiionos.

13 2405 14 2408 b
139 2449 170 2553 ς.
199 2457 287 2548 408.
338 2437 370 2516 Ῑ.
395 2438 468 2612 ΙΝ
503 2430 681 2537 repetitis
711 2429 990 2550 vegetabilium
1027 2429 1345 2514 distillationibus
1384 2434 1490 2535 juxta

456 2537 617 2636 allegata
644 2547 913 2634 experimenta
940 2537 1093 2636 semper
1120 2535 1264 2636 carbo,
1288 2537 1326 2615 de
1351 2533 1392 2614 in
1410 2535 1486 2614 hoc
1548 2602 1563 2646 a

141 2655 326 2726 contenta
349 2653 455 2719 terra
479 2651 655 2716 remanet
670 2663 689 2739 3·
723 2637 843 2738 igitur
868 2636 1001 2739 liquor
1026 2635 1181 2715 actione
1207 2635 1312 2737 ignis
1337 2637 1379 2714 in
1408 2651 1487 2714 ter·

13 2755 15 2798 ³
139 2774 223 2830 ram
249 2745 354 2822 illam
385 2739 654 2822 convertitur.
682 2741 796 2818 secus
824 2763 905 2816 non
937 2737 1027 2814 ellet
1052 2738 1174 2836 ratio,
1200 2759 1320 2841 quare
1346 2737 1388 2814 in
1409 2735 1488 2838 pri-

139 2877 203 2932 ma
224 2845 479 2927 distillatione
505 2857 624 2920 terrae
648 2842 774 2942 aliqua
801 2835 984 2916 duntaxat
1009 2861 1097 2936 pars
1114 2839 1334 2940 separetur,
1355 2839 1486 2917 &non

13 2943 15 2954 ‘
141 2951 294 3048 omnis,
323 2948 446 3050 igitur
470 2961 575 3025 terra
599 2943 836 3021 elementum
856 2963 938 3016 non
962 2940 1030 3019 est.

146 3065 149 3072 '
244 3057 297 3134 Π.
350 3050 388 3130 si
413 3065 517 3129 terra
542 3047 586 3126 in
615 3039 934 3124 distillationibus
959 3039 1132 3141 repetitis
1156 3039 1270 3122 toties
1299 3065 1389 3121 cunr
1415 3041 1490 3123 hu·

141 3158 320 3244 moribus
339 3150 585 3252 sublimatur,
606 3144 803 3250 quomodo
830 3141 906 3222 dici
925 3145 1067 3245 poterit
1089 3145 1324 3224 elementum
1341 3142 1494 3224 fixum?

57 3252 60 3257 ⁵
242 3263 340 3378 ‚mu
371 3259 504 3376 Terra
525 3253 635 3333 sumo
663 3249 700 3330 dt
732 3247 812 3327 aeri
839 3245 1096 3348 permiscetur
1111 3273 1124 3354 3
1147 3245 1303 3352 ¹'itaque
1330 3273 1411 3326 non
1435 3244 1494 3326 est

140 3357 588 3545 gravblrl.ffll²seritiffimi
617 3449 783 3558 chyrnici
812 3449 853 3528 in
884 3449 1131 3529 metallorum
1157 3445 1399 3528 resolutione
1434 3445 1494 3524 ni·

139 3571 195 3652 lnil
222 3583 346 3650 terrae
374 3553 704 3664 deprehendunt3
733 3550 852 3653 igitur
873 3563 978 3630 terra
1003 3551 1226 3634 universale
1252 3550 1490 3626 elementum

140 3699 223 3757 non
243 3669 316 3856 lesst
349 3763 530 3848 Minimae
559 3759 737 3841 arenulae
771 3761 858 3834 cu'tn
885 3752 999 3831 allali
1029 3751 1117 3832 'fixo
1157 3751 1307 3832 vitrum
1343 3747 1494 3830 consti-

141 3883 281 3974 tuunt,
308 3873 431 3975 igitur
448 3881 554 3945 terra
580 3863 694 3945 etiam
722 3857 763 3938 in
786 3857 878 3956 igne
897 3853 999 3971 fluit..
1169 3953 1178 3968 ¹
1330 3963 1333 3968 Ι
1417 3952 1428 3968 .

245 3981 275 4080 §.
300 4000 388 4077 409.
439 3993 483 4060 rr.
506 3965 553 4045 ad
576 3965 720 4045 1&st
768 3962 896 4038 Terra
921 3957 1019 4034 oleis
1045 3952 1083 4032 dr
1112 3953 1252 4032 saltbus
1286 3965 1493 4034 commixta

145 4089 247 4166 ‘urta
272 4095 501 4158 communes
526 4063 760 4149 attraftionis
785 4063 895 4158 leges
919 4054 1120 4136 arttimne
1145 4079 1235 4135 cum
1257 4051 1394 4134 iisdem
1414 4082 1495 4149 eo·-

140 4115 288 4268 baerett
319 4201 405 4258 cum
428 4172 618 4252 oleum&
641 4167 692 4246 sal
716 4166 846 4263 suapte
861 4175 1002 4246 ‚natura
1018 4160 1243 4240 volatilibus
1259 4159 1491 4236 accensean-

142 4306 239 4392 tur,
270 4282 348 4386 fit,
378 4297 423 4363 ut
454 4270 591 4381 prioris
615 4264 936 4466 distillappopipus
977 4287 1066 4352 cum
1101 4261 1242 4348 oleoso
1272 4257 1489 4466 saumae
