3900 4956
398 539 446 595 to
631 599 632 604 Ν
789 511 1100 633 Pxounooiisttx
1149 515 1344 594 Piiisiciii.
1465 519 1466 524 '

351 689 631 794 experimentis
664 694 786 776 unice
811 693 1157 796 adhaerescentes,
1192 695 1287 775 nihil
1316 693 1476 798 prorsits
1512 693 1692 782 deserant

347 795 545 881 rationum
578 799 814 890 momentis:
846 799 944 883 Nam
970 821 1059 878 cum
1080 797 1297 878 asensuum
1317 795 1564 898 experientia
1586 804 1690 884 ideae

349 899 391 979 in
413 917 545 988 niente
565 903 793 992 enascantur
812 926 824 1000 3
859 897 1220 1002 experimentorum
1245 913 1373 976 autem
1400 919 1543 1002 anceps
1560 903 1696 1006 cogni-

348 1000 506 1081 tionon
522 1027 612 1082 raro
630 1000 847 1082 cautissimis
866 1003 1157 1104 indagatoribus
1176 1003 1375 1099 imponat,
1411 997 1500 1105 quis
1523 1020 1634 1104 putet
1651 1005 1696 1083 si-

271 1147 275 1156 .
348 1125 400 1182 ne
416 1103 647 1213 consociatis
664 1103 872 1209 utriusque
882 1113 1026 1184 Rationis
1042 1128 1184 1208 nempe
1200 1103 1516 1202 &eximitatis
1526 1105 1573 1184 ad
1590 1107 1694 1190 veri·

350 1203 438 1285 tatis
458 1205 497 1286 se
515 1203 620 1312 poss'e
643 1209 775 1290 lucem
796 1205 959 1288 eluctari
976 1209 994 1287 2

175 1397 342 1494 Obsessum.
452 1411 508 1488 ΙΙ.
539 1407 891 1518 olp‘vduiiihyssccs
909 1406 1146 1490 suntomnia
1160 1430 1331 1508 corpora
1348 1408 1559 1507 naturalia,
1586 1407 1695 1510 caesi,

352 1523 558 1614 terraeque
573 1512 720 1593 ambitu
742 1510 931 1590 conclusa·
948 1543 959 1612 ς
987 1537 1082 1613 quae
1099 1528 1230 1591 tamen
1257 1531 1427 1608 corpora
1451 1507 1555 1588 inter
1574 1509 1612 1589 se
1630 1508 1697 1588 ad-

350 1608 514 1720 mpdum
534 1613 686 1694 diversa
704 1611 815 1702 sunt,
840 1611 880 1690 id
896 1615 974 1714 est,
1001 1611 1111 1700 aliam
1137 1611 1280 1690 habent
1306 1611 1379 1692 alia
1405 1613 1450 1690 ib
1470 1609 1550 1693 aliis
1582 1612 1696 1691 mini-

351 1737 503 1793 marum
519 1715 798 1816 particularum
815 1729 1040 1816 texturam,
1067 1713 1266 1794 diversum
1287 1735 1523 1814 organorum
1540 1737 1696 1812 appara·
1780 1733 1784 1740 ·

352 1833 474 1916 tuni,
503 1831 688 1916 motum,
715 1813 859 1915 situm,
884 1815 1072 1918 figuram,
1100 1813 1189 1894 alias
1219 1837 1272 1896 ue
1296 1813 1554 1914 proprietates
1578 1819 1696 1915 longe

353 1919 401 1999 ab
419 1915 594 1999 invicem
623 1919 791 2007 diversas
811 1943 826 2018 3
877 1917 969 2024 hinc
996 1919 1102 2000 varia
1123 1841 1294 1995 senibus
1311 1912 1451 1994 nostris
1468 1918 1697 2016 phoenome-

354 2045 421 2121 na,
440 2019 508 2098 seu
530 2017 771 2122 appetentias
788 2019 994 2101 ostentant.
1047 2021 1156 2103 Alias
1169 2013 1500 2117 deprehendimus
1517 2014 1698 2119 proprie·

354 2135 454 2206 tates
478 2122 520 2200 in
536 2122 645 2224 igne,
667 2122 754 2202 alias
770 2117 953 2222 insumo,
973 2122 1061 2202 alias
1080 2121 1120 2200 in
1140 2141 1160 2196 a
1190 2143 1265 2198 ua:
1292 2117 1420 2220 figura
1436 2117 1697 2199 arborismul·

253 2305 254 2310 ,
355 2239 443 2305 tiim
469 2217 619 2305 abludit
643 2222 860 2328 apartibus
888 2223 1034 2338 aquilae
1058 2146 1326 2303 coordinatis:
1362 2237 1494 2304 motus
1524 2218 1695 2298 animalis

353 2325 562 2425 corporis,
590 2325 659 2430 qui
676 2327 795 2408 certis
810 2327 956 2426 regulis
970 2325 1081 2423 juxta
1094 2321 1360 2403 musculorum
1377 2319 1699 2403 constitutionem

356 2441 628 2530 peraguntur,
654 2426 718 2506 alii
735 2431 821 2508 sunt
836 2450 858 2502 a
875 2442 986 2506 motu
1008 2425 1145 2528 lapidis
1162 2447 1210 2502 ex
1235 2421 1385 2504 sublimi
1416 2423 1637 2503 decidentis
1657 2425 1698 2505 in

358 2545 532 2610 terrain:
560 2531 770 2628 tempus&
793 2527 905 2608 locus
932 2527 1093 2608 omnino
1120 2523 1297 2608 diversus
1321 2525 1390 2602 soli
1416 2523 1560 2604 orienti
1577 2539 1698 2629 atque

359 2625 560 2710 occidenti
579 2627 865 2711 ordinatissimis
891 2630 1041 2731 legibus
1068 2622 1382 2708 determinatur:
1410 2627 1501 2708 luna
1524 2626 1699 2706 variante

357 2729 553 2836 perpetim
569 2729 683 2832 phase
699 2731 870 2810 recurrit
889 2733 964 2810 dte.
1018 2735 1161 2810 Tantae
1184 2725 1411 2808 diversitatis
1435 2728 1475 2806 in
1498 2729 1616 2810 rebus
1634 2753 1699 2806 na-

357 2833 549 2918 turalibus
568 2833 816 2912 occurrentis
836 2833 946 2909 causa
965 2831 1020 2910 est
1037 2829 1233 2910 liberrima
1248 2834 1428 2910 voluntas
1439 2833 1535 2910 DEI
1556 2827 1699 2910 Condi·

210 2969 218 2988 =
354 2931 480 3038 toris,
509 2935 578 3036 qui
596 2935 713 3014 va'riis
731 2958 804 3012 cor
831 2934 967 3011 oribus
986 2933 1109 3012 varias
1125 2935 1232 3032 leges
1247 2929 1465 3030 constituit,
1483 2929 1698 3012 secundum

363 3057 458 3136 quas
473 3059 608 3114 rerum
622 2961 905 3116 vicissitudines
924 3033 1223 3114 constantiffime
1238 3035 1539 3132 evolverentur,
1560 3055 1698 3148 quein·

364 3134 577 3215 admodum
591 3135 669 3234 ipsa
685 3135 832 3216 Divina
851 3138 1032 3212 voluntas
1051 3133 1346 3212 constantissima
1364 3133 1431 3210 est.
1485 3139 1639 3211 Semina
1660 3129 1700 3210 in

365 3235 496 3318 fertile
513 3235 636 3318 solum
653 3235 796 3337 injecta
812 3235 891 3315 five
907 3234 949 3315 in
968 3241 1146 3334 Europa,
1173 3231 1252 3310 sive
1269 3235 1310 3314 in
1325 3231 1416 3312 Asia
1433 3231 1503 3308 suo
1521 3248 1700 3332 tempore

349 3335 633 3420 ··sritstificont=
660 3341 799 3456 globus
817 3339 1039 3438 plumbeus,
1060 3334 1290 3434 ubicunque
1305 3348 1498 3412 terrarum
1509 3333 1548 3414 iii
1559 3357 1698 3438 aquarn

361 3437 553 3540 injectus,
583 3438 731 3520 decidit
750 3469 759 3518 :
786 3461 936 3521 cuneus
953 3437 994 3516 in
1013 3435 1162 3537 lignum
1181 3433 1356 3514 violente
1376 3431 1555 3535 adactus,
1572 3436 1702 3520 findet

363 3539 536 3623 &hodie
553 3539 671 3641 illud,
701 3537 1034 3643 quemadmodum
1057 3536 1155 3618 illud
1177 3536 1262 3616 heri
1287 3537 1422 3620 eadem
1446 3537 1487 3618 vi
1511 3537 1701 3638 impulsus

360 3639 517 3725 findere
535 3643 639 3725 visus
659 3641 805 3723 est&c.
1392 3669 1398 3678 ·

462 3845 534 3929 ΙΙΙ.
563 3851 641 3924 Has
653 3871 776 3950 porro
791 3841 946 3950 regulas
968 3843 1135 3928 dicimus
1155 3849 1230 3948 liges
1251 3867 1395 3932 mim,
1420 3868 1503 3924 non
1527 3841 1635 3948 quod
1653 3843 1699 3924 ab

147 4017 149 4022 ,
189 3941 279 4041 Liger
299 3945 445 4049 nnipsa
465 3965 603 4026 natura
618 3951 830 4030 necessario
853 3946 1138 4050 profluxerint,
1168 3955 1232 4026 aiit
1259 3937 1367 4048 quod
1383 3945 1523 4046 seipsis
1542 3947 1613 4026 sint
1631 3943 1701 4026 ini·

189 4059 278 4120 tura.
365 4051 594 4150 mutabiles,
621 4051 731 4130 velut
747 4076 837 4134 curn
858 4049 977 4129 atheis
994 4063 1126 4157 opilioni
1141 4059 1174 4124 i'ii
1198 4051 1334 4124 Tradit.
1356 4051 1493 4226 Πκοὶοὲ.
1512 4054 1605 4128 Polli.
1619 4057 1698 4153 cap.

364 4157 400 4232 6.
420 4150 673 4250 existimavit,
700 4168 745 4233 ut
762 4150 1042 4231 miraculorum
1064 4147 1401 4248 impossibilitatem
1419 4145 1458 4224 in
1488 4171 1510 4226 e
1528 4147 1702 4228 deduce·

357 4269 427 4354 ,tet
446 4279 474 4358 ςΙ
496 4252 563 4336 sed
586 4253 678 4334 ideo
699 4309 714 4357 ,
742 4251 852 4361 quod
876 4253 1017 4340 Duos
1044 4259 1095 4334 0.
1114 4254 1170 4330 Μ.
1195 4247 1239 4332 iii
1264 4246 1464 4334 creatione
1480 4251 1700 4432 reruiginas

354 4376 362 4420 '⁸
870 4375 875 4384 ¹
1554 4377 1577 4436 0
1606 4367 1653 4433 il·
