3792 4958
452 534 553 628 ,ana
611 533 638 576 ·’
936 573 947 588 a
993 523 1205 605 Sacrroms
1231 526 1265 604 1.
1386 521 1392 530 '

427 693 573 813 quippe
602 707 741 810 allatis,
768 706 944 788 celeritas
970 709 1146 811 corporis
1175 659 1445 791 descendentis
1469 731 1539 812 per
1564 711 1670 810 ΑΕ,
1702 707 1745 786 ad
1870 799 1871 802 p

429 813 667 890 celeritatem
696 810 873 912 corporis
900 809 1174 891 descendentis
1196 835 1266 912 per
1283 802 1376 912 Ab,
1402 827 1446 895 ut
1465 819 1542 898 ΛΕ
1572 813 1619 891 ad
1648 815 1742 911 AB3

428 913 465 992 tr
490 910 667 992 celeritas
683 911 894 996 descensus
917 937 989 1015 per
1006 917 1107 1016 AB,
1128 911 1175 992 ad
1201 911 1439 994 celeritatem
1456 913 1661 992 descensus
1681 932 1746 1015 per

426 1016 502 1094 AC
528 1029 571 1094 ut
597 1019 666 1094 AB
694 1012 741 1094 ad
763 1017 869 1116 AC'3
903 1015 1008 1118 atqui
1039 1029 1213 1117 tempora
1239 1015 1279 1090 se
1303 1017 1454 1094 habent
1472 1029 1515 1095 ut
1541 1015 1746 1094 celeritates

427 1119 489 1294 pb·
508 1109 622 1218 dssr.)
650 1115 773 1224 igitur
791 1117 829 1194 d·
843 1131 994 1216 tempus
1018 1115 1224 1200 descensus
1250 1139 1321 1216 per
1336 1123 1431 1218 AB,
1458 1115 1505 1195 ad
1522 1133 1670 1216 tempus
1685 1111 1745 1189 de·

447 1219 583 1297 census
600 1243 673 1318 per
689 1223 786 1315 AC,
811 1231 857 1296 ut
873 1225 944 1299 AB
963 1217 1010 1295 ad
1029 1223 1113 1302 AC.
1172 1219 1363 1320 Denique
1375 1217 1509 1297 eadem
1544 1221 1600 1301 est
1617 1213 1746 1296 celeri-

427 1335 484 1404 tas
499 1321 675 1417 corporis
693 1317 908 1400 delabentis
924 1345 996 1420 per
1009 1323 1086 1402 NX
1105 1322 1152 1400 in·
1163 1319 1306 1422 puncto
1320 1319 1378 1420 X,
1397 1339 1487 1424 qu'ae
1504 1319 1620 1418 esset,
1638 1319 1665 1396 sr
1682 1315 1745 1395 'de-

428 1418 633 1502 scenderet
650 1442 721 1522 per
735 1423 896 1526 planum
912 1419 1008 1530 ΚΧ,
1033 1422 1100 1502 vel
1114 1444 1187 1522 per
1203 1420 1281 1502 duo
1298 1423 1411 1525 plana
1426 1426 1499 1502 LN
1514 1423 1554 1500 aa
1571 1425 1671 1518 NX,
1685 1417 1743 1497 vel

430 1521 545 1598 etiam
564 1543 637 1621 per
652 1522 726 1600 tria
742 1523 847 1624 AM,
863 1525 944 1602 ΝΜ
953 1577 966 1623 ,
983 1525 1079 1624 NX,
1107 1523 1241 1603 eadem
1259 1523 1463 1624 nimirum,
1480 1545 1599 1625 quam
1616 1545 1747 1620 corpus
1793 1609 1797 1620 ,

428 1619 806 1724 perpendiculariter
828 1617 877 1702 ad
893 1621 1078 1724 punctum
1094 1631 1125 1705 B
1145 1625 1288 1704 cadens
1303 1624 1506 1703 obtineret

263 1729 423 1830 ostillon.
530 1727 560 1824 l.
586 1748 672 1826 29¹·
715 1725 889 1816 reddam
906 1735 1069 1804 vocatur
1085 1751 1223 1830 corpus
1240 1747 1372 1827 grave,
1388 1726 1498 1810 tenui
1515 1723 1748 1826 filosuspen·

428 1829 511 1908 sum
528 1849 541 1925 3
568 1823 674 1930 quod
696 1824 792 1906 dum
814 1849 904 1908 cum
921 1825 1015 1926 filo,
1043 1827 1145 1907 circa
1159 1827 1350 1929 puntlum
1368 1825 1490 1908 lixum
1506 1827 1570 1906 fili
1586 1851 1748 1914 ,commo-

265 1937 323 2006 Ta.
334 1931 567 2025 limetur,
593 1925 736 2008 dicitur
753 1922 911 2032 delum
945 1927 1052 2006 unde
1074 1942 1200 2008 motus
1227 1929 1335 2006 hicce
1361 1935 1534 2021 aestarent
1554 1933 1748 2028 perdelirum
1870 2021 1871 2026 Ν

261 2036 323 2138 sig.
336 2047 369 2124 8.
428 2049 575 2112 nomen
594 2025 745 2110 indidit.
821 2027 1045 2110 Descensus
1067 2032 1243 2131 corporis
1266 2053 1337 2132 per
1362 2055 1492 2110 arcum
1515 2052 1566 2110 ex
1585 2037 1616 2108 B
1633 2028 1672 2108 in
1691 2027 1753 2124 A,

431 2129 740 2234 dicium-oscillum
765 2133 895 2231 oredr'a3
925 2126 1134 2210 descensus
1155 2153 1252 2214 vero
1277 2155 1325 2210 ex
1350 2135 1380 2208 B
1408 2131 1449 2210 in
1469 2136 1536 2230 A,
1563 2155 1644 2210 una
1669 2151 1746 2208 cum

360 2313 365 2323 ,
430 2231 590 2315 ascensu
607 2231 812 2334 reciproco
832 2253 879 2308 ex
897 2235 938 2312 A
956 2232 999 2314 in
1017 2235 1074 2332 C,
1101 2229 1402 2328 dicituroso'llaerto
1418 2255 1492 2309 tota.
1559 2232 1746 2352 Quoniam
1870 2303 1871 2310 a

382 2391 389 2413 .
430 2358 528 2414 vero
552 2335 642 2411 haec
670 2329 842 2435 pendula
858 2347 934 2410 tam
962 2333 1061 2432 aleris
1084 2335 1328 2435 obsistentia,
1354 2359 1465 2435 quam
1495 2331 1634 2412 frictio·
1654 2333 1749 2410 circa

428 2431 632 2516 rotationis
659 2447 841 2512 centrum·
861 2449 1108 2536 remoratur,
1130 2436 1227 2517 ‘hinc
1251 2436 1327 2535 fit,
1360 2435 1468 2538 quod
1492 2433 1749 2534 pendulomm

334 2546 336 2551 ’
430 2533 690 2616 oscillationes
718 2531 879 2633 lingulis
910 2533 1193 2624 vibrationibus
1229 2537 1482 2618 minuantur:
1516 2537 1605 2615 baec
1626 2549 1746 2614 tame-n
1870 2549 1871 2568 ¹

428 2635 627 2715 obstacula
653 2635 680 2713 si
709 2633 910 2740 deessent,
943 2653 1133 2738 perpetuo
1169 2636 1381 2740 aequabiles
1417 2637 1657 2716 vibrationes
1680 2633 1746 2714 fibi

426 2733 713 2840 succederent3
741 2762 791 2819 eo
818 2738 924 2842 quod
949 2739 1088 2820 amiffis
1106 2737 1258 2821 viribus
1282 2739 1325 2818 in
1344 2743 1400 2841 C,
1433 2737 1650 2818 recidendo
1670 2738 1752 2815 rur-'

429 2841 493 2918 sus
510 2839 680 2918 naturali
700 2841 883 2942 gravitate
906 2844 1014 2922 vires
1033 2839 1252 2944 acquireret
1267 2837 1314 2918 ad
1332 2839 1495 2918 eandem
1513 2837 1749 2920 altitudinem

430 2940 676 3021 ascendendi.
729 2951 884 3044 Galilaia,
905 2945 977 3048 qui
994 2943 1107 3022 etiam
1132 2943 1425 3022 accelerationis
1442 2945 1549 3043 leges
1574 2940 1637 3052 (.§.
1652 2941 1750 3034 281.)

430 3041 662 3122 oscillationi
685 3045 950 3144 pendulorum
982 3043 1216 3145 applicavit,
1242 3045 1335 3123 olim
1363 3044 1626 3144 existimavit,
1652 3041 1749 3120 idem

428 3139 643 3240 pendulum
661 3145 801 3246 aequali
819 3147 1005 3243 temporis
1027 3145 1200 3248 spatio&
1218 3149 1400 3247 majorem
1419 3145 1456 3223 dt
1478 3149 1670 3228 minorem
1683 3143 1752 3219 cir-

424 3241 513 3322 :culi
540 3263 672 3321 arcum
697 3244 926 3323 absolvere:
954 3243 1175 3350 eodemque
1191 3247 1374 3348 temporis
1391 3245 1509 3349 spatio
1534 3249 1627 3328 fieri
1645 3245 1752 3328 oscil-

432 3342 616 3424 lationem
634 3363 681 3419 ex
707 3343 799 3425 Bin
816 3352 877 3446 A,
901 3373 981 3446 quo
1000 3345 1116 3430 fieret
1141 3369 1191 3428 ex
1217 3351 1251 3428 F
1277 3349 1319 3430 in
1335 3357 1395 3450 A,
1421 3363 1483 3426 aut
1508 3347 1620 3430 ex'G
1637 3351 1679 3428 in
1698 3353 1752 3446 A,

431 3457 575 3547 nempe
604 3443 675 3522 illo
694 3445 835 3548 spatio,
859 3471 940 3548 quo
960 3472 1098 3552 corpus
1118 3447 1330 3552 pendulum
1356 3449 1543 3552 gravitate
1567 3453 1633 3539 sua
1652 3464 1751 3530 natu-

432 3547 504 3632 tali
537 3543 892 3650 duplumspatium
920 3549 1019 3629 radii
1046 3553 1129 3633 DA
1159 3550 1476 3653 perpendiculari
1504 3551 1611 3654 lapsu
1639 3549 1751 3632 absol-

432 3664 573 3751 veret3
625 3649 782 3755 Quippe
810 3649 850 3728 in
875 3653 1025 3732 ratione
1051 3655 1236 3752 temporis
1269 3654 1409 3734 eodem
1434 3653 1474 3733 se
1501 3655 1619 3737 modo
1643 3656 1750 3734 habet

432 3753 608 3832 subtensa
626 3753 751 3832 AB&
774 3757 864 3853 AF,
888 3753 986 3836 ficut
1004 3747 1146 3833 chorda
1169 3757 1247 3834 AG
1273 3760 1330 3860 (d.
1348 3761 1480 3859 roo.);
1507 3757 1679 3856 igitur&
1698 3779 1750 3832 ar·
1827 3793 1828 3798 ¹

429 3871 499 3932 'cus
527 3851 661 3931 eadem
690 3855 729 3932 se
750 3854 900 3936 ratione
926 3855 1076 3934 habent.
1135 3856 1350 3960 Praeterea,
1377 3857 1476 3941 ficut
1497 3857 1637 3940 eodem
1661 3876 1748 3938 tem·

432 3955 536 4053 poris
552 3955 671 4065 spatio
688 3983 708 4032 a
725 3953 899 4057 pendulo
924 3957 1138 4038 absolvitur
1156 3980 1265 4037 arcus
1286 3967 1358 4044 BA
1381 3961 1422 4040 in
1444 3957 1656 4062 descensu,
1672 3983 1746 4061 quo

431 4057 524 4154 AF,
553 4070 603 4130 rta
621 4058 767 4154 pariter
789 4059 908 4158 spatio
935 4055 1074 4137 eodem
1098 4057 1318 4143 absolvetur
1334 4068 1408 4142 AC
1427 4059 1469 4141 in
1485 4064 1748 4163 ascensu,quo
1870 4119 1871 4122 κ

433 4159 528 4252 AE,
556 4155 605 4231 nb
630 4156 790 4234 eandem
808 4161 998 4239 rationem
1018 4184 1029 4248 ς
1057 4156 1108 4235 ita
1132 4173 1176 4240 ut
1199 4177 1276 4243 tota
1296 4165 1485 4245 oscillatio
1510 4171 1579 4252 BC
1596 4165 1665 4246 vel
1686 4169 1746 4246 FE
1870 4251 1871 4260 Ν

431 4271 580 4369 tempus
604 4256 798 4355 deignat,
823 4285 901 4361 quo
928 4259 1142 4359 pendulum
1162 4264 1423 4368 quadruplicis
1439 4268 1541 4350 radii
1558 4271 1651 4350 DA
1676 4271 1747 4366 spa-

430 4373 528 4442 num
543 4355 861 4463 perpendiculari
878 4361 984 4463 lapsu
1002 4357 1244 4446 decurreret
1364 4435 1366 4440 .
1389 4453 1397 4467 ,
1581 4375 1610 4473 l.
1620 4397 1701 4472 292.
