3782 4958
467 449 544 544 382
892 438 1161 518 §acrioris
1199 435 1253 518 n.

417 625 522 702 fitam
549 627 609 721 B3
693 615 747 700 od
772 616 925 696 sivero
950 640 1023 720 per
1049 632 1271 719 aperturam
1299 623 1333 702 C
1365 621 1611 722 inspiciatur,
1651 619 1753 699 nihil

415 723 623 827 quidquam
665 719 810 804 uminis
834 719 1042 834 apparebit
1141 719 1260 826 Quod
1290 724 1446 804 abunde
1478 727 1755 807 commonstrat
1815 761 1821 772 ·

413 825 562 906 nullam
588 821 662 902 elle
688 819 886 902 lateralem
905 815 1105 902 'radiorum
1124 822 1224 901 lucis
1237 819 1439 904 altionem.

266 964 364 1036 Lug,
403 929 406 938 ’
517 931 549 1030 q.
572 951 663 1030 4²²·
721 925 865 1022 Ingens
899 921 955 1000 est
982 919 1181 1002 radiorum
1215 923 1314 1004 lucis
1347 926 1566 1027 subtilitas,
1600 925 1751 1004 &sere

238 1058 387 1150 mum
417 1025 692 1131 comparabilis
732 1048 823 1104 cuin
856 1021 972 1101 lineis
1006 1025 1045 1104 dr
1072 1021 1190 1104 radiis
1217 1028 1503 1126 Geometricis3
1548 1025 1753 1108 duriffima

387 1113 523 1214 'enirn
550 1151 714 1229 corpora
736 1125 837 1206 subit
862 1125 962 1220 lux3
1006 1124 1131 1240 veluti
1156 1111 1402 1231 adamantes,
1435 1153 1603 1244 quorum
1630 1127 1752 1208 subti-

414 1235 576 1314 liffinros
597 1252 716 1330 poros
739 1248 857 1305 nemo
875 1221 1065 1338 ‚batteuus
1082 1241 1195 1304 etiam
1214 1225 1388 1312 adhibito
1406 1231 1664 1331 microscopio
1683 1227 1752 1308 de-

414 1331 521 1414 texit.
570 1335 605 1412 E
632 1327 793 1414 candela
818 1327 907 1404 satis
930 1325 1071 1426 exigua
1096 1325 1258 1410 ardente
1282 1343 1384 1410 tanta
1398 1333 1453 1412 est
1471 1331 1753 1430 particularum

413 1433 518 1516 lucis
538 1427 826 1532 egredientium
854 1425 1097 1529 multitudo,
1127 1445 1171 1512 ut
1196 1427 1244 1508 ad
1269 1429 1390 1510 medii
1420 1432 1582 1512 miliaria
1604 1432 1755 1512 distan-

413 1535 507 1616 tiam
534 1533 840 1636 circumquaque
874 1527 1087 1630 videatur,
1120 1554 1248 1632 neque
1272 1531 1397 1612 ullum
1424 1531 1469 1611 fit
1501 1534 1544 1614 in
1568 1548 1646 1614 tota
1675 1534 1755 1612 bac

413 1631 637 1755 peripheria
662 1627 878 1736 punitum,
902 1625 1008 1732 quod
1034 1626 1129 1717 lucis
1144 1629 1296 1712 radium
1318 1659 1399 1716 non
1415 1634 1621 1736 reciperet.
1660 1636 1752 1716 Fiat

413 1765 458 1818 in
483 1737 613 1816 charta
634 1735 810 1844 foramen
836 1755 926 1844 cum
951 1727 1262 1846 aciculateiiu-i,
1285 1735 1425 1832 poterit
1450 1760 1520 1833 per
1544 1735 1620 1814 hoc
1649 1737 1754 1816 sora-

415 1837 609 1938 mellum,
645 1861 730 1916 uno
762 1844 905 1912 iutuitu
940 1831 1111 1932 conspici
1144 1847 1276 1934 quarta
1309 1833 1394 1916 sei-e
1426 1836 1518 1914 coeli
1544 1861 1633 1936 pars
1657 1863 1751 1938 qum

413 1937 599 2020 omnibus
623 1962 669 2017 co
718 1931 865 2015 oribus.
958 1949 1073 2014 uanta
1087 1955 1158 2032 per
1176 1933 1371 2014 minimam
1394 1952 1613 2038 aperturam
1633 1936 1749 2020 simui

413 2039 547 2120 tranfit
571 2037 681 2138 copia
714 2031 887 2118 uminis!
914 2129 924 2146 ·
978 2055 1088 2112 erum
1112 2047 1361 2114 externarum
1379 2037 1582 2140 plurimae,
1606 2039 1750 2140 imper-

415 2142 666 2242 turbataeque
695 2135 882 2235 imagines
910 2157 953 2212 ιιι
984 2133 1153 2214 obscuro
1181 2135 1357 2216 conclavi
1384 2137 1680 2242 depinguntur,
1704 2141 1747 2216 in

414 2241 523 2346 quod
550 2239 627 2320 luci
654 2237 818 2320 accessus
841 2257 915 2338 per
936 2235 1125 2348 euiguum
1147 2235 1327 2319 foramen
1353 2253 1467 2340 patet.
1548 2241 1748 2340 Stupenda

414 2341 693 2444 particularum
718 2337 823 2419 lucis
844 2331 1032 2418 subtilitas
1059 2360 1108 2415 ex
1135 2361 1183 2420 eo
1212 2339 1279 2416 vel
1307 2343 1471 2420 maxime
1495 2339 1749 2441 intelligitur,

253 2517 277 2532 ,,
411 2439 520 2545 quod
547 2439 783 2540 rapidillimo
808 2437 963 2537 prorsus
984 2453 1092 2518 motu
1108 2439 1299 2540 serantur,
1313 2464 1443 2543 neque
1463 2456 1593 2521 tamen
1613 2443 1747 2522 multas

413 2540 520 2624 vires
542 2539 699 2642 corpori
725 2539 918 2640 inserant,
943 2535 989 2614 in
1013 2537 1117 2640 quod
1143 2538 1372 2622 illabuntur,
1417 2542 1573 2624 Etenim
1591 2545 1743 2624 calculo
1875 2565 1877 2596 ³

414 2642 700 2746 deprehensum
734 2643 818 2744 est,
839 2637 1123 2755 lumenusolis,
1144 2639 1215 2743 qui
1240 2643 1326 2720 sere
1354 2669 1484 2740 24000
1510 2641 1747 2722 semidiame-

411 2747 489 2828 tria
509 2743 758 2827 terrestribus
774 2769 796 2824 a
814 2740 932 2820 nobis
948 2735 1060 2819 distat
1111 2767 1153 2822 in
1170 2743 1239 2822 suo
1260 2737 1308 2818 ad
1330 2767 1402 2824 nos
1434 2741 1622 2822 descensu
1644 2767 1746 2822 eme-

412 2850 480 2931 tiri
505 2871 627 2951 prope
652 2847 761 2926 mille
786 2841 984 2940 milliones¹
1007 2793 1169 2944 pedum,
1191 2843 1258 2921 seu
1283 2869 1428 2932 250000
1447 2843 1628 2923 milliaria
1648 2849 1745 2923 Ger·

411 2951 562 3030 manica
586 2951 694 3028 intra
723 2945 916 3026 minutum
942 2941 1186 3042 secundum3
1241 2941 1393 3026 Globus
1424 2959 1547 3024 autem
1573 2959 1743 3024 tormen·

412 3049 533 3128 tarius
557 3049 675 3126 unius
705 3047 849 3142 librae,
871 3039 999 3120 media
1032 3041 1132 3119 libra
1156 3041 1258 3148 pyrii
1307 3043 1455 3125 ulveris
1478 3041 1674 3145 eucullus,
1690 3049 1741 3146 (l.

412 3147 521 3246 266.)
546 3147 648 3225 intra
674 3143 863 3223 minutum
889 3137 1109 3218 secundum
1130 3145 1211 3254 ἱ6εο
1226 3069 1348 3242 peges
1366 3143 1545 3225 conficit:
1571 3143 1742 3254 ideoque

411 3243 603 3327 velocitas
628 3239 727 3324 lucis
751 3241 997 3355 velocitatem
1030 3239 1141 3339 globi
1172 3245 1273 3324 ultra
1301 3247 1476 3328 1666600
1507 3246 1615 3326 vices
1640 3247 1745 3348 supe-

409 3359 503 3450 rat,
547 3355 633 3444 Jam
658 3365 749 3424 cum
774 3365 880 3420 vires
909 3351 1117 3444 corporum
1145 3359 1339 3426 motorum
1367 3345 1550 3426 aeslimari
1577 3345 1742 3425 debeant

413 3451 457 3530 in
485 3447 639 3529 ratione
677 3439 803 3560 mallee
836 3441 1117 3527 &velocitatis
1151 3450 1221 3548 (l.
1247 3461 1322 3538 280
1337 3451 1370 3549 ).
1443 3447 1483 3526 Si
1509 3446 1741 3548 ejuscemodi

412 3550 599 3655 particula
625 3549 725 3628 lucis
748 3561 867 3624 etiam
894 3545 1066 3629 1666600
1091 3545 1220 3627 minor
1233 3543 1323 3626 ellet
1340 3547 1461 3646 globo
1487 3549 1739 3628 tormentario

412 3657 545 3758 (quae
568 3652 658 3732 sane
685 3645 872 3726 levillima
896 3643 1065 3747 parvitas
1089 3647 1230 3750 soret)
1263 3645 1399 3727 feriret
1433 3645 1557 3729 adhuc
1588 3648 1736 3750 objellt

412 3775 458 3828 ea
482 3753 545 3850 vi,
570 3781 646 3856 qua
670 3748 869 3830 feriuntur
884 3746 987 3828 muri
1014 3777 1037 3829 a
1056 3747 1178 3845 globo
1193 3747 1450 3828 tormentario
1467 3749 1585 3830 uiii'us
1600 3749 1736 3849 librae3

414 3851 600 3952 quoniam
624 3875 723 3933 vero
749 3851 859 3932 nulla
882 3845 1164 3948 propemodum
1184 3847 1265 3926 luci
1284 3847 1345 3926 illi
1362 3847 1474 3929 solari
1490 3849 1614 3952 inest,
1644 3850 1735 3953 quin

415 3947 497 4026 imo
525 3949 807 4031 delicatissimos
832 3951 968 4028 oculos
994 3949 1075 4026 fine
1101 3945 1207 4026 omui
1232 3945 1380 4030 doloris
1397 3949 1511 4032 sensu
1536 3949 1735 4029 liberrime

257 4015 288 4066 κ’
410 4047 659 4148 ingreditur,
684 4051 819 4126 licebit
840 4047 1116 4126 incredibilem
1145 4049 1227 4144 ejus
1247 4052 1476 4150 parvitatem
1504 4075 1618 4130 exeo
1646 4050 1734 4132 omi·

405 4145 506 4236 aare
566 4147 772 4233 Stellarum
796 4147 963 4229 fixarum
987 4147 1165 4230 distantia
1194 4173 1216 4227 a
1240 4163 1345 4230 terra
1369 4151 1492 4254 major
1514 4153 1575 4236 ,cll
1598 4151 1731 4268 dislau-

1628 4270 1679 4336 lla
