3900 4956
438 521 489 608 63
960 507 1177 598 sacrior-is
1210 519 1244 600 1.

391 705 431 788 di
454 700 665 783 cardinesi
693 701 872 806 quamvis
899 703 1002 784 enim
1030 701 1255 808 gravitatem
1282 725 1523 808 corporum,
1552 707 1723 791 altissime

392 805 857 908 superincumbentium,
895 805 1037 908 digitus
1068 809 1131 886 vel
1156 809 1284 886 musca
1310 829 1391 885 non
1424 811 1722 909 persentisceret

393 921 558 1014 propter
586 907 852 1013 aequilibrium
880 912 1088 1012 (§.153),
1126 909 1320 990 deberent
1345 917 1476 988 tai'nen
1503 911 1632 990 omnia
1664 917 1724 994 illa

394 1010 568 1092 altissime
586 1014 797 1113 protensa,
825 1013 863 1089 dr
878 1009 1119 1090 mobilissima
1144 1033 1315 1109 corpora
1346 1010 1394 1089 ad
1420 1035 1577 1092 omnem
1604 1014 1724 1094 inser-

396 1140 493 1196 num
520 1129 668 1196 motum
692 1112 969 1211 cominoveri3
1042 1111 1345 1197 uemadmodum
1372 1113 1481 1214 sere,
1507 1111 1599 1192 dum
1625 1119 1724 1234 talpa

393 1239 520 1332 prope
536 1214 784 1318 superficiem
805 1217 874 1295 sub
891 1229 998 1328 terra
1012 1143 1146 1318 serpit,
1165 1233 1287 1296 terrae
1303 1217 1483 1314 pauculae
1500 1214 1725 1318 superficies

395 1335 597 1400 variatur:
650 1315 752 1420 Quis
778 1320 854 1416 jam
877 1329 937 1392 tot
962 1339 1192 1398 innumeros
1219 1321 1257 1399 dc
1278 1329 1493 1418 perpetuos
1526 1335 1658 1398 motus
1679 1325 1726 1404 ad

277 1479 280 1486 ·
395 1437 540 1501 tantam
563 1417 774 1496 distantiam
793 1419 832 1497 in
851 1413 1021 1497 animum
1038 1421 1148 1500 suum
1172 1419 1365 1500 inducere
1389 1415 1536 1520 poterit
1554 1421 1635 1501 fine
1654 1451 1726 1504 no.

397 1549 451 1604 vo
470 1544 629 1634 vacuo,
656 1519 788 1600 saltem
808 1519 855 1600 ad
883 1520 1044 1602 ultimos
1073 1521 1210 1602 mundi
1233 1521 1457 1624 terminos,
1487 1523 1616 1602 omnia
1639 1549 1728 1606 cor-

398 1651 495 1730 pora
514 1637 771 1724 terminante,
793 1625 1076 1727 &perpetuam
1095 1622 1348 1704 variationem
1365 1625 1589 1726 superficiei
1602 1624 1729 1710 indul-

400 1731 549 1832 gente?
574 1737 619 1801 ut
644 1748 725 1807 non
752 1723 949 1805 immerito
976 1727 1215 1806 vetustissimi
1239 1727 1313 1826 jani
1331 1725 1551 1826 Philosophi
1570 1735 1726 1808 Democri.

398 1855 448 1909 ιω
465 1831 501 1910 dr
518 1835 718 1934 lamippus,
748 1825 859 1934 quod
883 1831 1049 1926 Aristotelis
1072 1830 1197 1908 refert
1222 1856 1254 1925 4.
1277 1831 1387 1958 Plpfic.
1411 1837 1490 1936 Cap.
1508 1839 1539 1907 ό.
1555 1829 1727 1913 ‚cordate

400 1930 597 2012 edixerint
617 1957 626 2008 :
648 1928 753 2030 8¹7³}
778 1933 816 2004 οἶν
834 1935 929 2010 dendus
956 1927 1031 2004 εἶναι’)
1057 1947 1194 2026 κίνησις,
1219 1931 1244 2002 α’
1268 1961 1311 2024 μη
1329 1930 1458 2028 ⁴ls'aitvii.
1489 1941 1582 2012 .an
1602 1935 1727 2014 vidum·

400 2044 509 2143 quippe
523 2033 575 2134 effe
593 2051 716 2136 motus,
731 2035 789 2135 nijs
798 2035 838 2134 sst
861 2042 962 2110 lnam.

501 2141 532 2239 l.
546 2153 607 2233 50.
636 2131 728 2212 Scio
761 2137 950 2232 carriſsimi
971 2129 1066 2212 huic
1094 2131 1336 2233 respondere
1361 2145 1621 2232 argumento:
1647 2161 1730 2218 nou

403 2237 484 2319 esse
502 2234 755 2318 necessarium
785 2233 982 2313 adstruere
1019 2257 1093 2332 pro
1119 2233 1300 2326 inotibus¹
1318 2233 1488 2312 terrenis
1525 2239 1728 2341 quibusvis

399 2356 551 2419 motum
570 2360 785 2440 corporum
806 2353 937 2436 usque
961 2331 1006 2412 ad
1030 2333 1165 2412 mundi
1179 2335 1391 2436 terminos,
1415 2357 1464 2412 eo
1484 2341 1595 2438 quod
1612 2359 1729 2422 mate-

399 2442 457 2520 ria
476 2437 647 2520 ambiens
672 2451 784 2516 motu
809 2433 992 2516 circulari
1012 2436 1192 2536 seratur3
1218 2439 1272 2518 sic
1295 2463 1335 2514 ν.
1354 2463 1390 2540 g.
1419 2439 1576 2520 volante
1601 2439 1730 2522 musca

401 2550 467 2622 aer
484 2540 658 2621 anterior
678 2540 719 2618 in
740 2539 871 2617 locum
890 2563 911 2615 a
932 2535 1063 2614 musca
1079 2537 1257 2618 relisium
1274 2537 1455 2619 circulari
1471 2558 1585 2622 motu
1601 2545 1729 2624 revol-

399 2644 522 2724 vitur.
574 2647 732 2724 Verum
750 2635 775 2714 si
795 2637 923 2718 omnia
940 2639 1176 2738 corporibus
1192 2664 1311 2744 aeque
1328 2641 1443 2744 plena
1459 2642 1570 2745 sunt,
1599 2669 1731 2748 neque

401 2740 623 2850 ipsemotus
635 2739 832 2822 circularis
842 2738 1025 2844 poffibilis
1043 2739 1132 2820 erit.
1150 2751 1154 2761 '
1184 2739 1339 2821 Etenim
1362 2765 1551 2839 ponamus
1571 2747 1731 2848 spatium

404 2849 573 2931 ABCD
591 2842 829 2946 corporibus
855 2873 887 2921 a.
904 2845 932 2922 l.
949 2871 977 2918 c.
995 2848 1030 2922 d.
1052 2847 1113 2947 es
1133 2841 1195 2922 &c
1223 2843 1297 2922 elle
1312 2847 1494 2946 plenum,
1525 2849 1731 2950 quomodo

279 2979 288 3000 ·
340 2979 349 3000 ·
402 2952 559 3052 amaJus
579 2951 617 3028 in
633 2949 651 3024 l
668 2947 796 3026 minus
821 2944 1064 3026 circulariter
1090 2947 1243 3026 revolvi
1268 2947 1390 3046 posset
1410 2945 1489 3024 sine
1506 2963 1618 3028 motu
1633 2949 1741 3052 adias

403 3053 577 3134 centium
597 3073 813 3147 corporum
830 3079 846 3124 ι
864 3047 940 3223 &p
949 3077 960 3144 3
1002 3048 1137 3148 itaque
1156 3047 1458 3129 innumerabiles
1477 3051 1617 3130 eodem
1637 3067 1734 3130 tcm-

402 3151 723 3256 porecirculares
740 3164 901 3226 motusa
933 3148 1140 3242 jacentium
1162 3169 1375 3250 corporum
1393 3151 1599 3252 excitaret,
1623 3155 1733 3256 quod

399 3248 671 3334 &absurdum
690 3251 728 3328 dc
746 3245 976 3350 impossibile
994 3249 1060 3326 est.
1155 3249 1331 3330 uomodo
1361 3247 1475 3330 etiam
1502 3253 1735 3356 interjacen-

405 3375 466 3436 tes
487 3354 591 3433 inter
608 3351 677 3430 alia
693 3375 862 3453 corpora
878 3347 1104 3464 particulae,
1188 3353 1393 3454 explentes
1421 3353 1663 3436 minutissima
1679 3355 1735 3436 in-

403 3455 563 3539 terstitia
582 3469 691 3533 motu
708 3455 891 3542 circulari
907 3465 1010 3529 inter
1036 3449 1180 3550 majora
1199 3453 1401 3534 &minora
1417 3479 1587 3556 corpora
1600 3481 1737 3536 recur-

401 3571 492 3640 rere
510 3556 674 3660 polsent,
694 3557 911 3657 ut'semper
930 3551 1035 3632 varia
1053 3553 1192 3632 oborta
1206 3555 1407 3635 interstitia
1428 3559 1736 3638 exattiffineim.

401 3663 588 3765 plerentl
616 3656 866 3761 praesertim,
895 3679 985 3734 cuin
1011 3679 1132 3734 omne
1156 3661 1434 3764 qualecunque
1460 3685 1607 3760 corpus
1628 3677 1736 3742 certa

404 3764 469 3840 sua
485 3761 613 3864 figura
631 3760 845 3860 praeditum
864 3758 907 3836 sit
927 3763 985 3864 (l.
1003 3765 1104 3860 43),
1129 3755 1300 3840 &omne
1325 3759 1496 3844 fortuito
1520 3764 1735 3845 obveniens

407 3863 566 3966 spatium
587 3881 767 3944 accurate
785 3861 946 3960 explere
969 3885 1049 3940 non
1068 3855 1195 3962 possit.

244 3981 391 4053 Vaculta·
425 3981 428 3986 ·
512 3971 548 4065 §.
570 3981 632 4056 51.
661 3963 725 4043 Sic
740 3966 821 4043 salis
840 3961 1061 4042 communis
1087 3959 1282 4063 inaquam
1310 3959 1460 4041 immissi
1475 3983 1583 4046 certa
1600 3965 1739 4050 dunta-

157 4165 162 4172 .
235 4105 389 4184 unqua.
412 4081 475 4146 irat
493 4065 608 4166 copia
631 4063 868 4162 dissolvitur,
895 4079 1038 4178 quanta
1054 4083 1195 4163 nempe
1213 4063 1251 4138 iri
1280 4061 1540 4148 minutissimas
1569 4069 1739 4170 particu-

408 4170 460 4246 las
477 4167 653 4262 redacta,
681 4165 806 4264 spatiis
825 4163 1002 4262 cubicis,
1024 4185 1140 4264 aquae
1160 4163 1401 4266 interjestis,
1423 4171 1626 4269 explendis
1639 4171 1743 4246 suffi-

405 4263 482 4352 ciat
500 4296 512 4375 3
540 4267 712 4350 minimae
730 4269 833 4350 enim
856 4263 936 4343 salis
955 4265 1193 4368 particulae,
1215 4262 1257 4344 in
1282 4265 1478 4348 solutione
1500 4273 1619 4375 super
1636 4271 1743 4354 vitro

1600 4401 1666 4457 ex-
