3782 4958
239 499 382 578 Pina.
404 493 450 573 X.
475 483 1316 572 DuSouourlusrd.l'rrouoc.Lecrn.
1366 503 1443 586 433

157 681 211 759 tia
233 677 410 782 Physrces
434 687 542 774 parte
568 681 725 770 agetur,
752 691 843 750 cum
869 667 1054 750 sensuum
1080 667 1230 770 officia,
1256 671 1294 750 dr
1325 691 1491 767 organo·

156 807 244 862 rum
270 781 348 860 huc
373 773 708 870 conducentium,
740 786 856 872 atque
883 770 1152 869 operationum
1181 784 1400 873 apparatum
1427 793 1493 847 ex-

156 883 339 984 plicab03
372 879 545 981 praesens
570 871 744 954 trattatio
769 887 980 965 tremorem
1008 873 1142 950 sonori
1171 875 1366 976 corporis,
1393 873 1492 970 ejus.-

158 982 324 1086 demque
350 1003 422 1078 per
445 991 574 1058 aerem
601 973 921 1076 propagationem
946 972 1002 1050 sic
1027 970 1243 1076 disquiret,
1269 989 1314 1052 ut
1336 977 1489 1052 sentcn-

155 1086 209 1166 tia
235 1079 392 1166 tandem
430 1081 578 1158 serator
611 1078 654 1158 in
679 1099 847 1180 quonam
880 1075 1039 1174 proprie
1066 1097 1200 1156 natura
1217 1089 1219 1094 '
1235 1075 1320 1156 soni
1347 1075 1491 1160 consti-

153 1201 234 1266 tuta
260 1182 337 1264 elle
362 1180 553 1260 videatur.

260 1291 290 1379 s.
315 1299 404 1384 478.
463 1279 625 1380 Duplex
646 1279 793 1361 sonoro
824 1278 983 1379 corpori
1010 1295 1135 1360 motus
1157 1279 1225 1358 seu
1251 1295 1399 1364 tremor
1421 1307 1493 1384 po·
1510 1299 1640 1388 Tremor,

157 1383 231 1468 test
257 1384 477 1482 accedere,
514 1383 613 1462 alter
644 1379 807 1481 quidem
841 1382 1066 1480 osculamus,
1102 1405 1192 1463 cum
1220 1395 1344 1462 totum
1380 1385 1547 1471 sohoo'
1575 1403 1660 1496 ascet

157 1513 248 1568 rum
275 1511 440 1586 corpus,
465 1485 586 1564 veluti
614 1481 788 1580 chorda,
814 1505 863 1560 ex
889 1478 960 1560 hac
985 1495 1093 1582 parte
1120 1483 1162 1560 in
1188 1482 1291 1560 illam
1320 1500 1586 1572 commo-lario.

156 1607 302 1686 vetur3
336 1601 399 1666 aut
431 1583 580 1682 etiam,
615 1607 703 1662 cum
733 1606 879 1682 corpus
907 1586 1090 1662 sonorum
1120 1585 1172 1663 src
1200 1580 1412 1688 tenditur,
1446 1599 1489 1666 ut

157 1687 383 1782 coniuntlee
406 1700 533 1787 partes
555 1687 631 1784 jam
657 1685 882 1783 breviores,
904 1689 986 1787 jam
1006 1686 1204 1786 longiores
1224 1681 1394 1766 redditae
1413 1715 1433 1766 a
1450 1689 1490 1766 se

156 1792 329 1870 invicem
355 1783 545 1868 recedant
573 1797 768 1888 attenuato
787 1807 965 1885 ,corpore
983 1786 1147 1889 sonoro,
1173 1789 1296 1869 veluti
1323 1788 1492 1888 chorda,

162 1891 200 1972 δι
239 1890 383 1972 iterum
402 1884 603 1967 accedant
630 1884 857 1968 elasticitate
883 1887 946 1965 sua
971 1883 1161 1987 impulsae.
1249 1891 1366 1971 Alter
1391 1915 1490 1970 vero

156 2002 309 2070 tremulus
342 2013 429 2070 cum
466 1987 640 2066 minimae
665 1983 844 2087 corporis
877 1987 1010 2064 sonori
1044 2003 1170 2088 partes
1201 2015 1274 2090 pro
1300 1992 1488 2094 sortiori,

158 2105 223 2170 aut
247 2091 463 2172 remiffiore
482 2087 657 2188 corporis
682 2087 1013 2187 sonoriimpulsu
1030 2091 1149 2191 magis
1166 2108 1230 2169 aut
1250 2094 1379 2174 minus
1396 2110 1490 2172 con-

7 2214 17 2245 .
123 2263 130 2270 ,
155 2193 403 2281 tremiscunt3
431 2205 558 2272 motus
582 2189 805 2268 oscillatorii
822 2189 1041 2291 exemplum
1058 2191 1100 2272 in
1118 2190 1266 2272 chorda
1283 2194 1388 2274 tensa
1404 2201 1491 2296 AB,
1509 2190 1664 2266 ntrtrr.

157 2319 273 2395 quam
300 2289 510 2374 accedente
536 2315 682 2390 manu,
700 2291 786 2368 :vel
807 2289 886 2370 alio
911 2313 1079 2390 corpore
1108 2291 1308 2376 incidente
1345 2319 1394 2374 ex
1418 2296 1491 2378 fitu
1504 2293 1566 2395 sig.
1582 2303 1619 2386 7·

156 2394 268 2473 resto
289 2399 390 2496 AB,
413 2417 650 2491 promoveas·
669 2390 708 2470 dt
732 2390 917 2472 extendas
939 2391 981 2472 in
1011 2393 1120 2475 situm
1147 2397 1295 2494 ACD3
1336 2399 1427 2478 item
1459 2397 1489 2477 sr

157 2492 364 2576 baccillum
400 2495 620 2593 incurves,
653 2509 699 2574 ut
726 2493 951 2582 elasticitate
984 2493 1055 2574 sua
1080 2498 1211 2590 rursus
1237 2495 1284 2575 ad
1316 2498 1487 2598 figuram

158 2595 348 2700 priorem*
364 2593 602 2674 reducatur:
645 2605 709 2672 aut
729 2592 769 2678 ¹st
794 2595 959 2696 accipias
991 2596 1162 2693 gladium
1192 2599 1258 2678 vel
1286 2602 1488 2702 cultrum,

158 2721 328 2796 eumque
354 2697 472 2775 altera
495 2699 648 2775 suarum
674 2692 955 2776 extremitatum
982 2696 1107 2786 libere
1130 2699 1354 2800 suspensum
1372 2700 1491 2780 sacius

126 2799 347 2880 'oscillarffl
427 2805 580 2877 Tumulus
598 2810 740 2898 partium
762 2817 858 2870 mom
893 2793 1211 2894 deprehendetur
1242 2799 1286 2878 in
1316 2799 1490 2902 chorda,

158 2925 270 3004 quam
302 2899 494 2996 pletlrum
524 2895 754 2995 colophonia
775 2892 977 2984 inunslum
999 2897 1050 2974 ita
1069 2899 1252 2998 vellicet,
1279 2913 1324 2977 ut
1342 2915 1507 3001 praeter

158 2999 440 3116 oscillatiopem
464 2998 580 3078 totius
604 2995 767 3076 chordae
790 3013 916 3098 partes
946 2995 1151 3098 minimae,
1177 3002 1214 3079 dr
1245 2999 1490 3082 insensibiles
1694 3083 1698 3094 ,

157 3103 263 3182 inter
282 3103 320 3178 se
338 3098 653 3201 contremiscant3
679 3099 743 3177 vel
764 3097 789 3174 sr
809 3097 982 3197 gladium
1003 3112 1068 3180 aut
1086 3101 1251 3182 cultrum
1272 3103 1398 3184 libere
1414 3105 1491 3186 sus·
1592 3139 1602 3156 ·

156 3204 322 3308 pensum
341 3206 461 3281 altero
481 3201 660 3300 quopiam
680 3198 781 3279 duro
801 3221 970 3300 corpore
992 3199 1117 3280 serias

262 3310 292 3394 s.
318 3325 401 3402 479.
450 3306 580 3380 Motus
601 3297 828 3380 intermedii
859 3299 968 3381 sinidi
994 3301 1122 3394 veluti
1140 3303 1253 3406 aeris,
1276 3303 1322 3383 ad
1342 3303 1486 3390 ,sonum
1502 3289 1614 3366 Morta

155 3403 400 3503 necessarius,
417 3417 521 3484 tnnc
536 3402 683 3502 evenit,
706 3397 866 3502 quando
880 3401 1125 3482 vibrationes
1141 3406 1386 3484 minimarum
1404 3429 1491 3482 cor·
1502 3399 1593 3462 varta

154 3507 263 3608 poris
286 3503 417 3584 sonori
440 3501 710 3601 puticularum
740 3503 782 3582 in
809 3518 917 3582 certo
938 3504 1179 3586 fortitudinis
1198 3505 1321 3606 gradu
1342 3505 1482 3584 consti·
1497 3489 1578 3583 [⁰²¹5-

153 3621 265 3708 tutae,
292 3605 435 3685 similes
460 3607 545 3682 sere
580 3604 819 3683 vibrationes
842 3606 1063 3710 propinquo
1094 3607 1173 3686 aeri
1193 3605 1492 3710 communicant,

157 3723 246 3807 apto
279 3706 423 3786 deinde
455 3707 513 3786 his
537 3701 678 3786 iisdem
703 3703 998 3785 vibrationibus,
1013 3703 1162 3785 auditus
1187 3731 1377 3806 organum
1407 3709 1489 3786 affi-

156 3833 258 3888 cere.
318 3808 395 3888 Hic
418 3809 516 3888 a‘e'ris
537 3824 686 3886 tremor
711 3805 884 3888 sensibus
905 3804 1086 3885 redditur
1112 3808 1368 3908 conspicuus,
1393 3831 1486 3890 cum

156 3909 302 4002 chorda
317 3910 500 4013 cytharae
514 3909 707 4006 pulsatur,
723 3920 844 4009 penes
859 3929 973 4008 quam
994 3907 1124 3986 radius
1145 3910 1187 3988 in
1208 3909 1489 3990 cubile-obscu-

157 4037 245 4092 rum
271 4009 474 4104 immissus,
500 4007 764 4092 minutissimas
786 4021 931 4087 atomos
953 4009 994 4084 in
1018 4017 1107 4088 aere
1134 4010 1339 4091 volitantes
1368 4013 1491 4090 mani-

153 4115 302 4203 seslett
335 4111 490 4194 videbis
510 4107 557 4188 ad
580 4127 786 4190 tremorem
813 4107 978 4206 partium
1010 4107 1171 4191 chordae
1204 4113 1318 4192 etiam
1345 4128 1491 4192 atomos

152 4213 202 4294 'm
227 4225 320 4298 aere
345 4213 550 4300 volitantes
581 4210 771 4396 consimilli
787 4211 1012 4325 'vibratione
1039 4213 1203 4320 agitari:
1239 4229 1302 4299 aut
1321 4214 1349 4296 si
1371 4235 1491 4310 penes

283 4329 285 4334 ’
338 4337 350 4363 ··
783 4335 829 4390 tr
1333 4329 1439 4408 trau·
