3782 4958
456 485 531 562 080
656 461 659 468 ’
919 459 1225 548 'Secnto'uis
1258 469 1290 546 Ι.

404 669 520 750 tuin,
554 647 877 730 communicatum
902 647 1029 750 primo
1054 659 1098 727 ut
1122 664 1455 752 2338500000000
1476 647 1524 730 ad
1555 673 1589 730 1.
1614 646 1741 754 idque

407 752 609 834 beneficio
622 749 865 828 elasticitatic
915 747 1031 856 Quod
1052 747 1078 826 si
1094 774 1193 832 vero
1213 765 1337 829 motus
1354 750 1512 852 incipiat
1531 779 1555 830 a
1576 753 1743 834 minimo

322 855 325 862 '
408 859 549 958 globo,
575 857 613 934 alt
637 863 1022 966 propageturusque
1057 847 1105 930 aid
1134 851 1372 952 maximum,
1408 876 1549 954 nempe
1579 855 1745 934 centesi*

408 981 545 1057 inum3
571 969 650 1032 tum
668 953 774 1050 globi
796 953 949 1030 maximi
967 955 1004 1034 δι
1022 952 1223 1031 centesimi
1243 967 1388 1052 motus,
1414 956 1491 1036 erit
1515 954 1563 1036 ad
1598 971 1751 1034 motum

407 1055 546 1163 primi,
571 1077 713 1152 nempe
730 1051 905 1155 minimi,
922 1067 965 1134 ut
979 1057 1311 1154 4677000000000
1326 1055 1373 1132 ad
1396 1083 1426 1136 i.
1453 1081 1596 1159 nempe
1614 1057 1744 1136 adhuc

408 1157 528 1240 semel
543 1173 645 1236 tanta
664 1169 790 1235 motus
810 1155 998 1259 quantitas
1013 1154 1089 1235 erit
1106 1153 1149 1233 in
1175 1155 1315 1235 ultimo
1341 1157 1549 1238 centesimo
1568 1161 1607 1240 ta
1626 1157 1747 1236 maxi-

407 1287 496 1361 mo,
575 1281 634 1335 am
661 1253 752 1333 esset
774 1257 817 1369 in
839 1255 979 1337 ultimo
1007 1254 1218 1366 centesimo
1242 1256 1436 1356 minim03
1461 1261 1555 1375 quia
1570 1281 1744 1359 nempe,

409 1387 512 1468 quan
543 1389 568 1440 ο
589 1381 730 1458 corpus
754 1381 884 1437 minus
900 1358 941 1436 in
965 1358 1130 1438 alterum
1160 1359 1363 1464 quiescens
1388 1357 1642 1461 impingitur,
1665 1383 1747 1452 ma·

407 1467 534 1566 jarem
561 1472 689 1540 motus
707 1458 953 1562 quantitatem
970 1459 1134 1560 acquirit
1159 1483 1299 1561 corpus
1314 1461 1460 1563 majus,
1485 1485 1599 1564 quam
1622 1461 1753 1540 minus
1831 1557 1834 1563 Δ

409 1579 497 1646 ente
522 1561 643 1642 iilum
661 1559 852 1642 babuerit

508 1667 538 1766 i.
557 1681 642 1766 335.
669 1663 795 1761 Leges
810 1681 1042 1760 corporum,
1067 1657 1232 1764 oblique
1247 1659 1493 1762 collisonun,
1519 1663 1747 1742 examinare

409 1765 610 1871 cupienti,
636 1761 735 1841 illud
752 1783 966 1842 occurrere
990 1759 1156 1862 primum
1183 1763 1323 1864 debet,
1348 1763 1453 1868 quod
1480 1777 1610 1844 motus
1635 1763 1678 1842 in
1701 1763 1748 1840 ll-

409 1893 483 1950 nea
501 1866 606 1945 retia
621 1865 773 1964 semper
798 1859 1036 1942 considerari
1056 1863 1189 1964 polilt,
1215 1880 1262 1945 ut
1287 1862 1527 1966 proceniens
1550 1893 1571 1942 0
1590 1864 1747 1946 duobus

409 1969 579 2051 motibu's
597 1971 648 2067 (l.
667 1970 786 2066 301),
813 1987 887 2066 qua
910 1963 1062 2043 ratione
1084 1977 1212 2046 autem
1237 1969 1301 2050 hae
1325 1963 1549 2065 diagonales
1571 1967 1746 2048 formen-

410 2089 497 2174 tur,
522 2063 920 2150 nuncdefiniendum
937 2065 1006 2144 est.
1059 2065 1116 2143 sit

850 2213 856 2230 '
972 2249 1195 2328 nait

413 2379 485 2512 Sl
504 2398 604 2452 arrum
627 2397 733 2478 carpat
756 2397 820 2448 am
850 2373 997 2470 riqiirum
1023 2371 1157 2475 quiescat
1180 2403 1194 2448 .-
1230 2373 1363 2449 altaram
1393 2395 1521 2472 aalma,
1539 2383 1663 2478 pariter
1686 2400 1751 2452 aaa

482 2479 660 2573 rlaJlirum,
692 2485 728 2548 ia
752 2475 832 2549 illud
860 2483 1052 2578 impingatur
1064 2504 1078 2563 ,·
1114 2491 1192 2547 aum-
1216 2495 1322 2576 aarpua
1355 2476 1518 2579 impalfiam
1545 2477 1752 2580 participabit

413 2580 549 2653 madium
573 2587 719 2674 imprium
743 2575 913 2664 collisani,
930 2579 1113 2676 seriturque
1136 2579 1267 2672 fimpliaa'
1298 2595 1423 2652 taniam
1448 2579 1614 2652 harumna
1641 2601 1654 2650 .·
1688 2589 1748 2647 im-

241 2685 523 2788 T„XV1,prllrar
540 2705 612 2753 uera
638 2699 740 2780 carpat
766 2681 878 2752 liuram
910 2677 1101 2775 diagonalem
1165 2686 1253 2750 'uaria
1281 2681 1562 2780 parallelogrammi
1592 2673 1750 2776 drimilci.

238 2805 352 2906 pqr„
415 2781 473 2880 Sit
488 2782 630 2880 globus
647 2787 707 2874 A,
733 2771 801 2878 qui
828 2769 1047 2852 direfilione
1066 2774 1103 2852 δι
1120 2701 1268 2871 mpetu
1295 2781 1368 2856 AC
1392 2777 1553 2876 jaciatur
1568 2775 1611 2854 in
1628 2775 1749 2874 plano

413 2881 549 2964 versus
565 2875 752 2980 punitum
770 2881 804 2956 C
823 2903 833 2952 τ
860 2875 999 2974 globus
1016 2889 1141 2952 autem
1160 2879 1192 2951 B
1212 2871 1256 2951 sit
1270 2877 1473 2976 quiescens
1490 2901 1502 2975 3
1528 2891 1654 2958 motus
1672 2878 1748 2956 AC

414 2981 525 3084 globi
543 2991 582 3061 A
596 2975 804 3060 resoluitur
817 2976 859 3054 in
876 2971 975 3057 duos
998 2997 1140 3074 nempe
1158 2974 1208 3053 in'
1226 2993 1369 3056 motum
1389 2983 1493 3076 AD,
1518 2977 1586 3056 seu
1599 2983 1695 3077 EC,
1711 2976 1750 3054 ila

416 3089 491 3164 ΑΕ
509 3086 543 3181 3'
576 3092 662 3176 Jam
682 3091 831 3158 certum
849 3071 928 3175 eil,
954 3073 1057 3179 quod
1076 3089 1202 3155 motus
1217 3079 1289 3159 EC
1319 3095 1382 3158 aut
1402 3083 1486 3160 AD
1506 3101 1585 3158 nou
1612 3078 1748 3178 agitio

256 3213 260 3221 ·
419 3183 581 3284 globum
598 3185 658 3259 B:
685 3179 786 3258 bene
802 3199 900 3256 vero
925 3189 1052 3255 motus
1072 3181 1147 3256 ΑΕ
1175 3178 1241 3255 seu
1259 3181 1357 3278 DC,
1384 3179 1599 3260 contrarius
1623 3183 1748 3282 globo

418 3291 477 3365 B:
504 3281 623 3382 igitur
647 3279 687 3356 in
709 3277 913 3358 collisione
937 3275 1078 3376 globus
1100 3282 1131 3356 B
1160 3275 1400 3360 medietatem
1428 3278 1597 3383 percipit
1623 3299 1753 3367 motus

406 3387 527 3486 DC,
552 3403 696 3482 nempe
720 3396 866 3460 motum
890 3381 963 3462 CG
992 3405 1002 3456 ε
1029 3379 1067 3458 ia
1093 3379 1231 3478 globus
1254 3391 1294 3464 A
1321 3383 1478 3465 alteram
1505 3379 1750 3478 medietatem

420 3511 561 3586 nempe
586 3491 656 3566 ΓΗ
678 3510 688 3560 :
714 3495 857 3560 motum
883 3503 983 3560 vero
1005 3478 1088 3595 ᾼΙ)
1112 3495 1233 3594 totum
1260 3483 1489 3584 conseiaat3
1517 3484 1568 3562 ita
1594 3501 1636 3566 ut
1660 3485 1748 3588 poll

269 3598 274 3610 ’
418 3587 662 3667 collisionem
691 3581 831 3662 eodem
858 3593 1044 3680 tompoiis
1074 3579 1215 3678 spatio,
1242 3609 1319 3687 quo
1343 3587 1484 3684 globus
1506 3591 1536 3665 B
1561 3586 1758 3690 impulsus

417 3689 691 3767 diretiione‘&
716 3681 916 3760 celeritate
933 3685 1005 3760 CG
1023 3680 1179 3778 fertur,
1205 3681 1279 3761 lioc
1306 3685 1446 3774 eodem
1466 3704 1646 3789 tempore
1667 3687 1786 3791 glo-5

418 3790 490 3867 bus
503 3797 541 3868 A
554 3789 698 3868 lineam
717 3781 959 3885 diagonalem
979 3785 1050 3864 CH
1069 3800 1282 3882 percurrat.

970 3965 1208 4048 caiti.

470 4089 485 4156 l
514 4083 649 4160 duarum
675 4111 922 4188 carporum-nara
952 4089 1135 4182 elisticarum
1173 4113 1317 4166 neutrum
1349 4091 1501 4195 quirfirnr
1516 4100 1580 4194 fit,
1605 4095 1649 4172 ti
1673 4098 1747 4170 aba·

485 4209 557 4261 rum
581 4199 616 4262 iri
639 4191 774 4267 aarum
815 4187 933 4296 aliqua
964 4199 1181 4299 impingatur,
1205 4203 1264 4268 aria
1299 4203 1458 4297 utriusque
1476 4201 1540 4301 pasl
1573 4200 1745 4293 aaliifiaaaaa
