3900 4956
396 473 446 557 16
789 471 1098 558 procreaturus
1147 477 1345 559 Pursrcn.

353 659 451 740 tusi
507 657 628 772 Quod
645 654 674 738 li
694 681 794 740 vero
819 661 858 742 dr
874 665 1015 770 malogtr
1032 661 1074 744 in
1097 656 1337 764 explicandis
1359 661 1482 746 caulis
1511 661 1693 770 deficiat,

359 759 486 842 erit&
504 759 570 838 hrc
586 761 673 840 sane
691 761 897 846 decentius
916 762 1100 867 ingenuae
1119 767 1256 866 menti,
1276 765 1404 848 causae
1423 763 1523 848 illius
1543 767 1697 868 ignora·

357 863 506 946 tionem
523 861 663 966 fateri,
691 891 807 970 quam
823 865 956 948 nescio
974 888 1070 970 quas
1095 865 1248 970 fingere
1265 866 1371 949 salsas
1390 869 1637 978 hypotheses.

793 1097 1140 1180 REGULA
1190 1101 1262 1180 ΠΙ.

470 1301 543 1380 lx.
568 1303 747 1403 Μαῖα
774 1325 963 1408 corporum,
988 1327 1057 1405 quc
1080 1303 1216 1398 intendi,
1241 1306 1284 1381 u·
1308 1313 1631 1412 remittimur,
1655 1305 1698 1383 θ’

361 1433 428 1510 qua
447 1399 612 1499 omnibus,
638 1412 674 1478 in
690 1403 803 1507 quius
819 1415 1025 1510 experimenta
1045 1402 1196 1498 irfiirucrr
1214 1407 1295 1498 licet,
1318 1403 1494 1518 corporibus
1511 1429 1697 1512 tempnunt,

355 1533 416 1612 pro
432 1530 593 1612 corporum
609 1513 819 1600 uniondum
834 1502 1037 1606 qualitatibus
1059 1501 1165 1581 batert
1173 1503 1305 1611 pvffiml·

180 1667 189 1710 ἃ
469 1699 571 1785 Hae'c
596 1703 731 1787 rursus
753 1707 888 1810 regula
917 1704 964 1786 ad
989 1707 1281 1807 argumentandi
1305 1705 1556 1789 securitatem
1582 1705 1698 1812 erigit

360 1807 561 1904 animum3
612 1811 712 1889 Cum
734 1807 837 1888 enim
857 1805 1027 1888 indubiis
1051 1811 1289 1923 argumentis
1307 1807 1627 1909 deprehendatur
1639 1840 1696 1887 ex-

360 1917 462 2014 senfin
470 1911 625 2012 soliditas,
645 1911 799 1990 mobilitas
816 1913 892 1990 dcc.
921 1909 1028 1990 omni
1046 1931 1195 2012 curque
1216 1913 1377 2015 corpori
1392 1907 1536 2012 ineffe,
1565 1913 1698 1992 etiam-

358 2005 617 2111 srtemporis,
643 2011 746 2110 loci,
774 2011 1030 2116 ipsorumque
1051 2033 1265 2114 corporum
1290 2028 1466 2096 mutetur
1494 2013 1697 2116 conditio,

359 2112 495 2194 licebit
513 2111 578 2189 has
595 2111 776 2194 omnibus
795 2115 968 2194 absolute
992 2113 1227 2212 corporibus
1252 2115 1333 2198 live
1350 2113 1590 2210 caelestibus,
1617 2115 1697 2196 five

361 2213 646 2316 subterraneis,
674 2215 712 2295 dr
729 2241 750 2292 a
766 2215 946 2297 sensuum
966 2215 1188 2296 nostrorum
1207 2217 1448 2299 commercio
1465 2217 1626 2297 remotis
1644 2233 1703 2298 at-

360 2315 552 2400 tribuere.
606 2317 646 2395 si
669 2315 757 2420 quis
775 2318 895 2420 igitur
915 2315 1017 2398 dicat
1034 2317 1117 2396 fide
1135 2315 1304 2421 dignus:
1330 2322 1368 2402 se
1389 2339 1466 2417 ope
1486 2319 1699 2400 microsco-

245 2433 247 2439 “
360 2419 415 2521 pii
434 2415 568 2501 vidiffe
591 2415 632 2497 in
652 2442 771 2518 parva
786 2443 905 2522 aquae
921 2421 1072 2520 guttula
1097 2417 1272 2500 animalia
1296 2417 1545 2506 minutillima
1568 2436 1701 2502 natan-

362 2521 415 2601 tia
432 2515 625 2625 plurima:
650 2519 786 2598 vidilie
810 2521 850 2600 in
877 2529 966 2599 a'ere
992 2520 1200 2602 volitantes
1225 2521 1489 2604 minutiffimas
1517 2540 1696 2628 atomos,

363 2646 457 2728 quae
473 2643 629 2700 omnem
652 2623 862 2702 oculorum
889 2623 1011 2701 aciem
1031 2621 1339 2728 subterfugiunt,
1367 2625 1567 2707 debebunt
1585 2627 1623 2708 dr
1639 2627 1698 2706 his

359 2735 545 2830 tanquam
576 2723 835 2826 corporibus,
862 2724 956 2804 licet
985 2723 1188 2826 minimis,
1220 2737 1365 2832 exrenfio',
1382 2733 1548 2832 soliditas,
1577 2730 1698 2806 mobili-

359 2854 431 2931 us,
460 2837 709 2942 caeteraequc
732 2825 947 2925 corporum
966 2850 1196 2907 communes
1223 2829 1482 2934 proprietates
1501 2825 1700 2929 adjudica·

359 2931 394 3010 ri
415 2957 427 3028 ς
476 2932 569 3008 Non
588 2951 691 3005 enlm
716 2931 843 3008 minus
867 2953 955 3008 com
986 2929 1057 3010 etit
1076 2929 1176 3010 ratio
1198 2947 1353 3038 corporis,
1381 2931 1491 3034 &effe
1516 2939 1697 3032 emensum,

362 3029 437 3111 elle
490 3059 546 3105 ave
563 3029 640 3106 dcc.
654 3031 817 3110 minimo
834 2957 1055 3132 pulvitssulo
1071 3047 1137 3116 aut
1153 3030 1408 3136 animalculo,
1431 3057 1547 3139 quam
1565 3033 1699 3132 ingen·

358 3135 388 3212 ti
407 3153 456 3207 co
474 3127 577 3226 offo,
598 3146 663 3208 aut
681 3134 794 3211 etiarn
809 3133 884 3211 toti
899 3135 1017 3237 globo
1036 3149 1250 3236 terraqueo
1269 3161 1283 3236 3
1319 3135 1432 3214 Sicut
1447 3133 1551 3214 enim
1566 3131 1701 3210 neces-

360 3233 458 3314 sario
477 3229 635 3332 propria
653 3233 718 3316 sua
735 3233 873 3314 entitas
889 3237 1079 3334 competit
1095 3233 1263 3315 maximo
1280 3235 1453 3338 cololio,
1480 3231 1532 3313 ita
1550 3235 1588 3314 dr
1604 3257 1700 3313 con·

362 3332 473 3418 venit
494 3331 734 3440 pulvisculo,
763 3349 829 3416 aut
845 3337 1052 3435 particulae
1072 3339 1173 3419 aeris
1200 3365 1209 3414 ε
1253 3335 1401 3418 Entitas
1417 3355 1547 3420 autern
1568 3336 1700 3436 cujus·

363 3457 443 3542 que
458 3437 602 3516 horum
618 3437 694 3538 est,
731 3439 841 3542 quod
862 3463 1031 3542 corpora
1052 3441 1148 3540 sint,
1175 3437 1331 3540 sintque
1354 3438 1533 3544 extensa,
1560 3435 1697 3540 solida,

360 3537 491 3642 gravia
509 3539 584 3620 dec.
608 3557 728 3644 atque
748 3567 768 3621 a
784 3541 981 3647 spiritibus
1000 3541 1295 3648 distinguantur.
1359 3635 1361 3640 ¹
