3900 4956
430 499 480 592 64
784 520 817 536 ·’
881 523 886 532 ·
951 493 1165 579 Secisotus
1192 499 1226 578 1.
1286 499 1290 506 '

386 689 519 767 culum
539 682 745 784 repletur,
772 681 869 796 quin
891 681 1019 768 tamen
1039 709 1199 803 magnus
1226 681 1392 788 liquoris
1409 683 1587 766 desectus
1605 683 1645 771 in'
1666 687 1726 770 v'i.

387 803 452 896 tro
473 785 713 894 advertatur.
766 786 907 866 Melius
936 803 1091 890 paratur
1110 788 1203 868 nlud
1224 811 1291 866 vas
1309 811 1360 866 ex
1381 785 1531 892 argenti
1549 792 1726 874 alterius·

390 917 443 972 ve
461 886 603 968 metalli
633 884 784 966 lamina.
836 888 981 966 Modus
1011 887 1259 994 propellendi
1283 889 1479 992 liquorem
1504 891 1546 970 in
1566 917 1630 971 vas
1654 918 1726 976 un·

391 993 513 1097 dique
540 987 710 1067 clausum
740 987 795 1066 est
819 985 917 1066 iste:
946 993 1077 1070 calefit
1104 1015 1196 1092 vas,
1225 1003 1306 1070 tum
1332 990 1513 1072 immerso
1532 991 1573 1071 in
1597 994 1725 1097 liquo-

386 1119 473 1174 rem
500 1091 593 1170 vasis
619 1087 783 1186 orificio
803 1087 941 1170 finitur
970 1091 1274 1196 aliquantisper,
1301 1089 1369 1170 ubi
1390 1093 1633 1194 refrigescit,
1663 1099 1723 1175 in·

389 1197 566 1297 greditur
592 1193 759 1295 liquor,
789 1205 873 1270 tum
918 1197 971 1275 ob
1005 1195 1211 1274 cessantem
1239 1194 1319 1270 vim
1352 1195 1594 1296 expanssvam
1623 1195 1723 1302 ignis

389 1303 449 1402 (q.
461 1301 588 1396 224),
616 1310 701 1372 tnm
720 1295 777 1368 ob·
790 1293 890 1369 aeris
907 1297 1060 1376 externi
1081 1291 1316 1396 preffionem
1333 1297 1394 1396 (s.
1407 1296 1521 1396 246).

488 1400 562 1476 IX.
589 1400 732 1507 Aqua,
756 1392 896 1494 inqua
921 1394 1110 1499 coquitur
1127 1396 1372 1496 mercurius,
1393 1397 1583 1482 imbuitur
1597 1399 1723 1480 virtu·

388 1519 428 1581 te
458 1495 648 1579 enecandl
675 1517 831 1608 vermes
860 1522 872 1596 3
910 1499 1119 1598 particulae
1150 1513 1279 1576 tamen
1302 1499 1489 1578 mercurii
1513 1501 1554 1580 in
1583 1523 1723 1605 aquam

389 1599 594 1683 transfusae
605 1597 884 1696 post-plurimas
902 1598 1104 1678 coitiones
1120 1625 1200 1678 non
1214 1597 1441 1678 diminuunt
1451 1599 1607 1699 pondus
1618 1629 1720 1682 mer·
1842 1601 1848 1611 '

394 1703 511 1787 curii.
565 1700 675 1779 Idem
706 1699 861 1809 praestat
880 1719 1064 1800 acetum,
1091 1699 1131 1779 in
1150 1723 1230 1802 quo
1258 1698 1376 1780 vivus
1395 1707 1619 1786 mercurius
1636 1705 1723 1784 sue·

395 1809 449 1888 rit
464 1827 536 1908 per
552 1801 667 1880 unius
687 1800 766 1878 diei
787 1799 1121 1904 intercapedinem
1140 1819 1371 1882 maceratus.

385 1958 392 1968 -
493 1909 544 1984 X.
575 1903 736 1996 Vinum,
756 1902 818 1979 vel
835 1929 959 2006 aqua,
980 1907 1021 1982 in
1042 1927 1159 2004 quam
1174 1903 1352 2006 regulus,
1376 1917 1444 1982 aut
1459 1905 1606 1986 vitrum
1624 1905 1721 1986 anth

388 2005 513 2091 monii
531 2005 750 2084 immersum
767 2003 843 2103 est,
873 2005 1025 2084 obtinet
1052 2003 1133 2083 vim
1155 2005 1358 2083 emeticam
1378 2019 1445 2082 aut
1462 2009 1719 2110 purgativam,

389 2107 762 2217 &quotiescunque
779 2103 924 2186 vitrum
943 2103 1038 2182 illud
1057 2125 1124 2185 aut
1143 2107 1301 2208 regulus
1318 2105 1358 2184 in
1375 2103 1572 2187 diversum
1588 2111 1719 2191 vinum

387 2219 453 2296 vel
469 2215 603 2314 aquam
627 2205 876 2308 immittitur,
905 2205 1000 2288 nihil
1017 2207 1086 2284 suo
1107 2205 1158 2286 de
1175 2205 1355 2305 pondere
1374 2209 1527 2286 amittit.

481 2318 555 2395 Xlss
582 2315 708 2407 uoylrus
730 2311 769 2384 de
783 2321 864 2385 nura
881 2319 1072 2413 cfflnotmm
1092 2309 1256 2402 patritiam
1275 2313 1369 2408 Cap.
1392 2331 1413 2407 5
1438 2327 1719 2390 commemorat

387 2416 631 2498 chirothecas
678 2405 834 2486 uasdam
853 2409 1076 2510 Hispanicas
1105 2408 1391 2510 suffumigatas,
1409 2433 1512 2513 quae
1536 2411 1618 2492 srne
1634 2413 1719 2494 sen÷

388 2519 485 2704 {bili
513 2513 625 2594 molis
647 2437 903 2591 iiecremento
921 2510 1088 2592 odorem
1112 2509 1225 2593 suum
1250 2512 1353 2590 ultra
1378 2531 1428 2612 30
1443 2537 1568 2594 annos
1584 2515 1719 2617 perfu-

421 2635 553 2701 erunt.
1709 2649 1713 2656 ·

243 2765 321 2850 Tol.
350 2759 378 2830 t.
489 2717 722 2898 Xllsss'lhlirus
750 2713 867 2898 sopior
889 2717 1125 2798 carbonibus
1150 2713 1316 2816 pofimm
1342 2713 1579 2796 infinitarum
1602 2716 1721 2816 parti·-

239 2879 357 2977 ΡΨ
392 2827 798 3006 cularqthIpMzunneat}
819 2834 1001 3026 eligentes
1020 2975 1034 3024 ,
1055 2943 1180 2998 aurea
1197 2921 1261 2998 vet
1283 2943 1430 3024 cuprea
1446 2921 1483 2998 X
1502 2915 1615 3015 supra
1635 2943 1721 3019 par·

393 3055 490 3112 vum
510 3023 708 3123 tripodem
727 3023 761 3102 Z
786 3041 1026 3124 reponatur,
1054 3021 1167 3119 supra
1187 3023 1225 3100 δι
1249 3021 1350 3102 insra
1369 3037 1562 3102 monetam
1580 3041 1721 3100 accen·

396 3135 539 3214 dantur
563 3125 681 3201 flores
701 3121 930 3220 sulphuris,
955 3125 1019 3203 hae
1049 3135 1177 3222 partes
1202 3123 1350 3202 accensi
1373 3120 1565 3219 sulphuris
1592 3121 1721 3201 subin·

398 3229 631 3339 gredientur
649 3238 867 3322 monetam,
890 3227 926 3303 δι
945 3225 1107 3304 nattum
1124 3221 1329 3302 internum·
1344 3221 1626 3320 superficiebus
1639 3249 1721 3301 mo·

398 3349 506 3415 netae
528 3325 747 3430 parallelum
763 3325 1024 3424 constituent,
1053 3325 1105 3404 ita
1119 3339 1165 3402 ut
1182 3337 1339 3403 moneta
1355 3323 1396 3401 in
1413 3323 1508 3402 duas
1525 3339 1652 3424 partes
1661 3351 1721 3404 re.

397 3437 581 3516 solvatur.
633 3431 758 3507 Tanta
776 3427 829 3504 est
846 3429 1123 3528 particularum
1138 3425 1328 3528 sulphuris
1345 3423 1528 3504 subtilitas
1550 3434 1558 3504 t
1611 3433 1723 3507 Hane

396 3535 559 3617 eandem
578 3533 629 3610 ob
650 3533 796 3609 causam
818 3544 1083 3608 artocrearum
1108 3529 1241 3628 paniS,
1264 3531 1408 3631 butyro
1428 3528 1628 3629 subactus,
1653 3555 1722 3608 ve-

396 3638 471 3717 luti
491 3635 648 3715 loliatus
666 3645 858 3734 apparet,
887 3631 980 3731 quia
1000 3655 1142 3728 nempe
1169 3631 1300 3736 butyri
1324 3645 1478 3729 partes,
1507 3631 1637 3710 calore
1663 3634 1721 3711 di-

297 3761 299 3765 ·
396 3740 539 3840 spersae
558 3738 596 3814 in
615 3734 789 3814 diversos
808 3733 970 3813 ordines
991 3729 1252 3835 rediguntur,
1278 3745 1395 3835 atque
1412 3729 1574 3812 sarinam
1593 3733 1721 3816 cohae—

395 3867 485 3921 rere
502 3849 648 3916 vetant.

495 3943 609 4018 xlv.
637 3940 779 4019 Phialae
806 3937 900 4019 duae
926 3937 1125 4038 impletae,
1162 3937 1279 4013 altera
1295 3936 1431 4036 spiritu
1448 3932 1529 4010 salis
1546 3957 1721 4014 commu-

346 4083 348 4088 ·
397 4045 486 4143 nis,
512 4041 629 4118 altera
655 4039 791 4142 spiritu
808 4041 961 4138 urinae,
990 4053 1055 4114 aut
1085 4036 1166 4114 salis
1192 4033 1418 4117 ammoniaci
1436 4059 1557 4134 penes
1573 4037 1611 4114 se
1629 4063 1719 4137 pro-

395 4149 499 4226 xime
521 4160 748 4240 ponantu13
789 4139 990 4218 videbitur
1014 4140 1060 4218 ab
1088 4139 1305 4218 eorundem
1328 4135 1531 4240 spirituum
1551 4137 1718 4219 effluviis

395 4243 730 4327 concurrentibus
746 4239 942 4320 efformari
966 4241 1161 4322 nubecula
1173 4297 1186 4340 ,
1198 4243 1334 4342 qualis
1350 4263 1430 4322 non
1444 4251 1616 4338 apparet,
1629 4263 1719 4323 cum

396 4337 1214 4448 alteraphialaabalteralongiusseparatur.
1575 4342 1670 4423 XV.
