3900 4956
212 1370 369 1450 soliditas.

411 509 481 590 54
966 497 1238 578 Socrromsl.

384 673 577 756 continuo
601 691 728 776 partes
756 677 954 758 contineri
983 697 1212 784 oporteret,
1243 681 1353 784 quod
1378 691 1493 764 Zenoni
1510 687 1719 771 absurdum

384 778 592 890 videbatur
617 808 626 855 z
662 780 728 859 sed
756 782 792 859 da
816 781 893 856 hoc
921 808 1086 887 quoque
1110 803 1380 886 argumentum
1404 787 1578 870 diluetur
1596 795 1628 889 l.
1652 805 1715 892 33.

385 879 433 958 Id
454 877 610 958 interim
628 881 749 960 unice
768 882 960 963 adnotalle
972 887 1149 984 juverit:
1177 897 1307 966 Zenonis
1328 891 1522 987 indiaaslilia
1539 893 1612 970 else
1633 917 1716 971 om-

385 979 481 1061 nino
497 982 585 1062 falsa
602 984 639 1062 de
658 982 898 1082 impossibilia
918 1013 930 1086 3
960 992 1065 1068 nulla
1088 988 1189 1068 enim
1205 1015 1377 1089 unquam
1398 993 1572 1072 extensio
1592 995 1718 1100 physi-

388 1105 433 1158 ca
450 1080 529 1161 sme
547 1087 723 1186 partibus
743 1083 817 1165 elie
835 1088 987 1188 potest,
1014 1115 1104 1168 cum
1129 1109 1258 1190 partes
1280 1093 1414 1188 plures
1438 1095 1564 1173 unitae
1583 1113 1718 1173 exten-

386 1183 532 1298 sionem
552 1189 800 1266 constituant.
853 1193 983 1269 Multo
1010 1188 1131 1294 igitur
1157 1193 1299 1272 melius
1325 1192 1508 1274 continui
1526 1193 1720 1298 compost·

387 1301 443 1363 tro
462 1309 502 1366 tn
521 1288 687 1368 minimis
709 1289 874 1395 physicis
891 1291 959 1370 srbi
979 1293 1156 1374 adunatis
1174 1294 1407 1376 collocatur.

487 1399 519 1496 s.
541 1408 605 1488 27.
640 1397 783 1470 soliditas
810 1390 877 1470 seu
904 1395 1181 1498 lenpeneteeliletas
1211 1397 1267 1473 est
1292 1397 1481 1498 generalis
1504 1421 1718 1500 corporum

389 1493 631 1602 proprietaS,
659 1495 699 1573 vi
718 1495 832 1592 cujus
851 1517 996 1595 corpus
1009 1494 1145 1573 resistit
1164 1495 1245 1572 aliis
1263 1495 1497 1596 corporibus
1513 1501 1720 1604 undequa-

390 1624 469 1704 que
489 1595 781 1700 prementibus,
808 1621 884 1675 nec
903 1599 1047 1698 patitur
1068 1595 1139 1672 alia
1164 1621 1334 1696 corpora
1358 1601 1436 1678 hoc
1451 1599 1526 1680 else
1541 1603 1581 1682 in
1599 1606 1717 1701 loco,

389 1699 578 1806 quamdiu
613 1721 759 1798 corpus
793 1698 952 1800 aliquod
987 1699 1284 1794 impenetrabile
1318 1725 1409 1782 eum
1446 1701 1716 1803 occupaverit.

340 1885 344 1896 ,
388 1813 463 1885 Per
479 1806 577 1882 hanc
587 1803 774 1904 soliditatem
797 1821 944 1898 corpus
971 1797 1216 1900 distinguitur
1232 1827 1252 1880 a
1266 1833 1363 1882 uacua
1380 1831 1392 1900 3
1446 1813 1586 1883 Vectium
1606 1805 1720 1908 quip-

388 1931 439 2009 pe
466 1929 547 1985 non
571 1905 640 1982 res
662 1899 721 1982 uit
745 1925 915 2000 corpora
939 1901 1040 1983 inse
1068 1905 1278 2006 recipere3
1305 1927 1397 1985 cum
1422 1921 1549 1985 tamen
1568 1907 1719 1986 nullum

389 2031 535 2183 corpps
551 2029 604 2180 pp
636 2021 663 2082 rt
681 2028 772 2083 cum
795 2009 917 2083 altero
936 2005 987 2083 ita
1007 2006 1232 2108 penetrari,
1259 2023 1304 2085 ut
1327 2009 1439 2085 ambo
1463 2010 1572 2087 simul
1595 2009 1636 2086 in
1653 2017 1722 2086 eo·

388 2110 479 2190 dem
512 2122 568 2186 rnt
600 2127 689 2184 oco.

490 2211 523 2310 s.
541 2219 605 2298 28·
632 2207 696 2284 Est
714 2221 844 2288 autem
862 2207 1000 2301 soliele'tas
1018 2205 1170 2284 adaeitie
1187 2229 1404 2306 corporum
1423 2207 1690 2312 distinguenda
1708 2234 1719 2287 t

388 2325 529 2398 Duritia
547 2310 676 2409 enim,
705 2309 814 2411 quod
834 2317 993 2385 Neatonae
1013 2307 1090 2407 eit,
1109 2307 1312 2387 intendi&
1328 2310 1475 2388 remitti
1494 2311 1637 2412 potest,
1651 2308 1721 2388 seu

389 2409 543 2512 suscipit
560 2409 679 2512 magis
705 2413 743 2490 dt
765 2411 925 2510 minus3
952 2423 990 2488 at
1012 2433 1111 2488 vero
1124 2411 1266 2510 soliditas
1291 2408 1358 2492 seu
1372 2414 1640 2511 impenetrabiliter
1657 2412 1721 2488 ab·

390 2519 513 2598 soluta
529 2513 608 2613 est,
636 2513 823 2612 omnique
842 2533 932 2589 cum
953 2509 1216 2610 incremento,
1234 2524 1317 2588 tum
1337 2513 1593 2592 decremento
1611 2511 1720 2591 delli·

391 2615 548 2717 tuitur3
575 2615 628 2694 src
656 2611 794 2694 durius
823 2611 877 2691 est
903 2629 1107 2714 argentum
1135 2613 1327 2714 plumbo,
1359 2615 1513 2694 serrum
1531 2629 1718 2719 argento,

391 2722 550 2828 chalybs
572 2717 680 2795 serro
700 2717 775 2796 dec.
792 2713 912 2793 solida
928 2729 1054 2795 tamen
1074 2715 1112 2794 da
1127 2713 1432 2824 impenetrabilip
1451 2715 1719 2819 aequeomnia.

389 2829 588 2907 Praeterea
605 2843 678 2922 per
690 2815 967 2920 soliditatum,
995 2815 1104 2922 quod
1133 2839 1304 2913 corpora
1322 2821 1519 2920 penetrari
1538 2845 1618 2896 non
1638 2819 1723 2913 pos-

390 2925 485 3023 lint,
512 2923 704 3028 quodque
724 2921 806 3002 duo
823 2919 889 2997 vel
907 2921 1018 3020 plura
1032 2941 1201 3020 corpora
1219 2919 1258 2996 in
1284 2920 1424 2999 eodem
1443 2921 1553 3000 timul
1573 2917 1647 2996 elie
1665 2923 1722 2996 lo-

391 3050 440 3104 co
460 3039 660 3128 nequeant
678 3051 691 3126 3
743 3031 885 3102 Duritia
902 3037 1032 3105 antem
1049 3023 1128 3121 est,
1148 3018 1260 3100 firma
1274 3023 1445 3118 partium
1462 3019 1642 3120 corporis
1658 3043 1722 3097 co·

387 3128 525 3226 hecilo,
538 3147 632 3227 quae
647 3123 752 3201 omni
766 3123 926 3224 corpori
937 3147 1018 3202 non
1027 3123 1234 3222 competit,
1251 3121 1375 3203 veluti
1384 3153 1481 3229 aque,
1491 3136 1557 3198 atei
1566 3125 1614 3222 (l.
1625 3126 1717 3223 399)

390 3232 515 3308 Porro
556 3230 857 3303 Geometrarum
874 3227 1020 3319 soliditas
1047 3227 1093 3304 ab
1117 3223 1189 3300 hac
1219 3223 1470 3328 physicorum
1487 3225 1642 3322 soliditate
1666 3225 1722 3302 est

392 3355 508 3432 quam
524 3329 692 3406 maxime
712 3323 879 3405 diversa:
902 3329 1102 3406 nonenim
1126 3325 1355 3402 Geometree
1370 3323 1600 3402 soliditatem
1618 3331 1721 3404 suam

391 3444 685 3531 contraponunt
704 3427 960 3532 magnitudini
1014 3425 1239 3526 enetrebili,
1269 3424 1377 3528 quod
1397 3425 1542 3530 physici
1566 3442 1685 3529 agauni
1705 3453 1718 3528 3

390 3533 457 3614 sed
477 3547 683 3636 opponunt
701 3555 783 3610 eam
801 3455 1055 3632 magnitudini
1073 3532 1224 3628 plante,
1244 3527 1359 3640 lineis
1376 3551 1518 3630 nempe
1537 3530 1721 3628 &super-

390 3635 557 3715 ficiebus
576 3637 667 3735 (sp
689 3635 855 3730 (ieamer.)
876 3629 1183 3730 supponuntque
1209 3627 1332 3706 solrda
1343 3651 1511 3730 corpora
1526 3630 1601 3708 elie
1621 3655 1720 3734 quo-

392 3762 472 3838 que
488 3735 754 3836 penetrabilia.
809 3736 874 3814 Sic
894 3753 942 3806 ex
960 3735 1011 3809 X.
1030 3729 1081 3806 iil.
1097 3737 1241 3806 alemena.
1253 3731 1625 3832 reetrdeeostenditur,
1639 3732 1719 3810 duo

391 3835 571 3936 prismata
588 3855 652 3916 aret
667 3836 889 3941 pyramides
903 3833 1021 3934 super
1039 3831 1173 3909 eadem
1191 3831 1265 3910 basr
1282 3829 1507 3912 constitutas
1524 3831 1720 3932 ejusdem-

393 3961 474 4039 que
493 3936 705 4018 altitudinis
722 3939 911 4017 elleinter
927 3935 965 4010 se
976 3933 1148 4036 aequales
1166 3936 1188 4028 (
1197 3939 1232 4032 §.
1246 3935 1718 4036 365&3666eemet.)quo

390 4039 431 4118 in
451 4041 539 4118 casu
566 4040 707 4142 utique
734 4038 930 4118 necessum
960 4038 1066 4114 soret
1089 4039 1252 4114 alterum
1278 4039 1323 4114 ab
1351 4038 1474 4114 altero
1506 4037 1717 4136 penetrari.

502 4145 534 4241 l.
552 4167 615 4244 29.
654 4139 775 4242 Quod
803 4161 902 4218 vero
927 4139 1070 4239 soliditas
1099 4134 1404 4240 quibuscunque
1437 4137 1551 4216 etiam
1590 4135 1719 4215 fluidis

386 4243 621 4345 corporibus
662 4251 896 4341 competat,
938 4249 1042 4341 petet
1075 4237 1159 4345 lroc⁸
1188 4237 1483 4342 experimentot
1565 4240 1610 4317 In
1642 4263 1711 4353 yas

1612 4363 1669 4422 Vl·
