3900 4956
438 509 489 592 30
839 487 1149 566 Proaeoomnnn
1200 472 1383 570 Pursrcn

289 731 292 738 .
390 691 524 778 guram
543 667 583 746 in
598 667 772 748 externis
790 665 954 768 objectis
970 667 1213 774 deprehendi
1236 699 1245 750 ε
1273 669 1546 754 variationem
1566 693 1725 754 omnem

390 771 567 855 materiae
585 767 815 870 dependere
833 797 854 848 a
873 791 1011 873 motu,
1039 771 1277 874 moverique
1297 799 1433 858 omnes
1455 773 1632 856 materiae
1640 798 1728 872 par·

390 889 450 954 tes
479 871 695 958 secundum
722 873 861 952 lineam
883 875 1070 978 rettam3
1107 875 1283 978 ideoque
1311 901 1456 980 corpus
1485 875 1733 958 circulariter

390 997 541 1058 motum
562 991 759 1076 perpetuo
782 975 979 1080 tendere,
1006 991 1053 1056 ut
1079 1003 1099 1054 a
1125 996 1266 1056 centro
1295 977 1435 1062 circuli
1457 979 1619 1060 recedat
1651 980 1729 1060 dac.

389 1077 440 1162 Id
463 1101 602 1160 verum
623 1077 701 1178 est,
730 1084 896 1195 cumptum
914 1080 1082 1158 maximo
1108 1077 1269 1183 ingenio
1298 1083 1579 1184 conspicuum,
1603 1079 1737 1160 &rua-

390 1177 610 1264 thematicis
627 1177 838 1280 disciplinis
856 1181 1030 1284 apprime
1053 1181 1258 1260 excultum
1277 1183 1421 1282 multa,
1442 1186 1479 1264 da
1496 1186 1543 1264 ab
1558 1179 1638 1262 aliis
1651 1205 1734 1262 non

396 1284 616 1380 observata,
634 1279 787 1380 viditte,
802 1297 921 1384 atque
944 1283 993 1362 de
1009 1279 1286 1364 emendatione
1303 1284 1565 1384 Philosophiae
1584 1281 1733 1383 optime

398 1385 587 1468 meritum
605 1379 680 1461 effe
697 1411 707 1461 ε
736 1385 977 1484 praepostere
994 1399 1123 1464 tamen
1129 1385 1255 1485 systema
1271 1390 1501 1492 rbyfiohgtcam
1516 1383 1733 1466 arbitrariae

399 1489 484 1570 suae
504 1487 650 1590 hyporbcss
663 1481 937 1586 inaedificalle,
964 1487 1120 1566 &modas
1145 1511 1190 1566 ac
1219 1487 1499 1587 proportiones
1529 1511 1665 1570 rerum
1684 1481 1735 1564 ad

395 1589 493 1689 ipsas
516 1609 650 1668 earum
676 1583 852 1666 elientias
877 1588 1141 1691 transtulilie3
1169 1604 1213 1668 ut
1242 1605 1413 1690 taceam,
1443 1591 1552 1694 quod
1577 1588 1616 1666 in
1636 1592 1735 1668 Cos·

396 1691 584 1793 rnogonia
601 1689 667 1767 lua
689 1687 856 1768 Divinae
879 1687 1149 1770 Providentiae
1168 1691 1282 1783 nimis
1303 1713 1423 1789 parce
1446 1687 1658 1772 meminisse
1675 1687 1734 1768 vi·

397 1793 553 1877 deatur.
606 1791 711 1867 Tota
725 1789 859 1906 itaque
879 1798 1005 1890 eamd
1023 1787 1315 1891 philosophandi
1330 1791 1442 1873 'ratio
1461 1797 1619 1874 methodus
1638 1801 1734 1899 typo·

396 1907 508 1986 thetica
524 1896 594 1976 seu
615 1892 844 1972 verosimilis
862 1893 1117 1992 nominatur3
1144 1916 1194 1972 eo
1243 1893 1327 1976 uod
1346 1895 1392 1973 ab
1412 1891 1640 2000 excogitatis
1661 1895 1733 2002 hy·

365 2002 368 2008 ’
396 1997 638 2183 pothesrbus,
655 1992 710 2072 sat
718 2019 817 2076 vero
829 1993 1032 2098 frmitibus,
1048 1997 1204 2098 regulas
1215 1925 1464 2101 disquirendi
1480 2021 1544 2078 res
1553 1993 1729 2102 physicas

416 2117 447 2182 lt
462 2115 677 2180 mutuatus.

230 2225 380 2308 ”mma
499 2201 672 2282 xxvii.
698 2199 818 2282 Nunc
843 2195 944 2278 or'do
964 2205 1061 2297 isaael
1085 2206 1217 2278 Nearord
1235 2199 1530 2292 edpsroetplpha
1553 2195 1665 2296 jubet
1688 2193 1729 2274 in

395 2303 572 2390 medium
589 2300 760 2380 adferre.
813 2297 889 2377 Hic
901 2299 1227 2399 praestantissimus
1243 2301 1338 2382 novi
1355 2299 1564 2406 systematis
1572 2297 1728 2396 auttor,

394 2433 489 2490 cum
507 2405 692 2486 videret:
720 2399 980 2502 Philosophiae
1003 2401 1270 2504 corpusculari
1286 2425 1422 2506 neque
1445 2403 1493 2482 ab
1509 2408 1633 2480 occtlm
1647 2427 1729 2502 qua·

394 2511 534 2592 litardus
551 2503 933 2602 Peripateticorum,
959 2526 1095 2684 neffue
1121 2505 1169 2582 ab
1192 2514 1316 2584 incerto
1339 2505 1542 2610 hypoiastius
1566 2495 1726 2584 Cartelii

393 2613 449 2693 sat
464 2610 624 2690 firmum
641 2605 867 2705 praesidium
884 2603 1005 2708 obtigi
1035 2627 1083 2706 e,
1103 2629 1187 2685 eam
1204 2609 1316 2706 juxta
1331 2617 1562 2716 experimenta,
1583 2599 1728 2682 mathe-

391 2713 544 2796 maticis
562 2707 733 2792 rothaldus
760 2707 1047 2808 demonstrata,
1074 2707 1274 2808 explicare
1298 2707 1472 2787 solicitus
1498 2705 1591 2786 furt.
1645 2709 1728 2817 Sta·

393 2819 471 2900 tuit
488 2814 621 2920 itaque
638 2812 678 2890 in
696 2818 805 2910 Optica
820 2813 929 2914 Qash
944 2833 990 2905 3¹·
1017 2807 1140 2909 prima
1157 2831 1292 2890 rerum
1311 2808 1503 2910 principia
1520 2805 1594 2886 elle
1611 2803 1725 2884 mint·

392 2941 476 3002 mas
492 2943 513 2998 a
532 2921 626 2999 Deo
643 2931 792 2994 creatas
803 2915 994 3014 particular,
1011 2915 1149 3014 mobiles,
1163 2919 1266 3020 ligura
1289 2911 1329 2991 dc
1347 2911 1558 3016 magadtudine
1576 2909 1725 3009 diversas,

393 3016 726 3128 quemadmodum
741 3011 886 3117 figurae
902 3011 1039 3092 solidae
1058 3015 1329 3095 Geometricae
1349 3009 1612 3092 diversaesunt
1630 3035 1643 3112 3
1661 3023 1724 3084 im·

384 3122 588 3235 penetrabiles
620 3133 751 3198 tamen
770 3171 784 3217 ,
803 3117 850 3196 dt
873 3115 1075 3216 dariffiw,
1099 3129 1145 3194 ut
1170 3116 1355 3227 nimirum
1382 3136 1516 3228 rerum
1540 3127 1721 3224 naturae,

392 3241 492 3332 quae
510 3247 560 3300 ex
582 3235 778 3300 certarum
803 3213 1081 3315 particularum
1101 3229 1425 3320 componentium
1452 3227 1723 3292 immutatrone

387 3339 620 3420 mutantur,
650 3319 805 3402 eaedem
825 3333 1018 3420 perpetuo
1043 3331 1336 3420 permanerent.
1388 3315 1641 3415 Praecipuum
1656 3335 1721 3390 ve·

385 3452 459 3530 ro,
487 3451 568 3532 quo
589 3427 636 3500 ab
652 3426 734 3504 aliis
757 3419 1078 3518 Philosophorum
1102 3419 1214 3502 settis
1235 3429 1428 3498 dextoram
1456 3415 1720 3518 distinguitur,

387 3533 468 3632 est,
495 3526 834 3634 quodaffeveret:
869 3519 1023 3600 cunetis
1041 3522 1277 3624 corporibus
1297 3545 1319 3598 a
1340 3521 1433 3598 Deo
1457 3517 1531 3598 elle
1559 3516 1720 3598 inditam

384 3637 563 3714 athalanta·
580 3637 647 3706 vim
669 3661 680 3729 3
713 3630 786 3708 hac
802 3625 950 3729 quippe
967 3623 1118 3706 ratione
1140 3619 1349 3724 explicavit
1364 3629 1522 3698 Nearonus
1538 3643 1619 3698 non
1638 3643 1722 3698 mo-

388 3735 443 3816 do
459 3733 653 3814 terrestria
681 3729 811 3810 omnia
835 3747 1005 3822 corpora
1025 3727 1066 3808 in
1086 3728 1296 3824 tellurem,
1324 3717 1389 3802 sed
1418 3721 1533 3804 etiam
1552 3723 1723 3818 planetas

391 3860 532 3916 omnes
548 3835 584 3912 da
602 3847 744 3914 terram
770 3827 959 3932 gravitate
976 3830 1040 3910 sua
1057 3829 1147 3908 &vi
1167 3825 1383 3926 centripeta
1402 3821 1440 3902 in
1459 3825 1578 3937 solem
1598 3822 1722 3924 gravi-

391 3952 475 4020 tare
495 3964 508 4033 ς
536 3961 587 4017 ne
606 3961 705 4014 vero
724 3931 854 4012 omnia
870 3927 976 4011 simul
999 3931 1263 4026 conveniant,
1291 3925 1505 4028 praepedirr
1526 3949 1545 4000 a
1563 3955 1595 4000 or
1611 3933 1724 4002 centri·

384 4047 495 4150 suga,
520 4063 636 4142 quaa
662 4039 741 4117 sole
767 4051 914 4112 caetera
941 4057 1109 4134 corpora
1128 4029 1402 4112 circumrotata
1429 4027 1638 4106 abscedere
1665 4027 1725 4104 ni-

396 4157 550 4226 tuntur.
604 4137 841 4242 Duplicibus
858 4132 916 4212 his
932 4141 1106 4214 attrac‘livis
1120 4135 1158 4214 da
1171 4137 1319 4231 repedans
1335 4129 1485 4231 legibus
1503 4127 1599 4208 dixit
1614 4131 1723 4205 Neu-

396 4260 516 4334 tonus
532 4239 705 4331 universi
728 4237 909 4324 ordinem
930 4233 1089 4322 firmum
1110 4233 1345 4344 persistere3
1371 4229 1550 4337 quamvis
1571 4227 1727 4412 sagmis
