3878 4958
437 504 512 570 112
966 477 1186 562 menonis
1211 481 1252 560 L

390 683 606 767 utrumque
619 661 768 778 vitium
787 661 825 750 dt
841 662 1117 785 refrigeratum
1133 658 1340 752 sustinebit
1353 680 1490 752 mutua
1503 672 1739 758 curamont-

391 765 545 867 pondus
563 773 650 869 298.
668 765 869 846 librarum.
921 777 960 848 Si
985 770 1123 851 eodem
1150 771 1268 852 modo
1293 770 1467 850 interea
1494 795 1585 852 cera
1608 779 1738 881 nava,

392 867 559 972 liquata,
585 868 623 947 dn
641 867 852 970 comprell'a
870 871 1038 974 mediet,
1067 872 1325 955 sustinebitur
1338 872 1497 975 pondus
1512 895 1598 976 320.
1617 880 1741 974 libra-2

393 995 483 1054 rum
507 971 550 1052 in
578 973 612 1051 L
639 973 923 1073 appensamm:
957 974 1016 1055 sin
1041 999 1141 1058 vero
1164 974 1416 1058 intermediet
1435 977 1535 1080 pix,
1568 978 1737 1062 sustine·

222 1081 351 1166 mlii.
394 1075 545 1156 buntur
560 1071 674 1153 facile
691 1077 806 1156 librae
827 1088 849 1166 8
854 1093 912 1173 50.

217 1195 284 1296 pig.
298 1205 336 1288 7.
493 1179 688 1294 Pnrentur
705 1202 753 1258 ex
770 1177 984 1260 orichalco
1001 1177 1175 1356 cplindri
1200 1177 1436 1280 dquBC,
1459 1183 1611 1282 Due,
1633 1207 1742 1284 quo·¹

389 1302 482 1360 rum
499 1277 688 1360 diameter
703 1283 790 1359 DC
808 1279 861 1357 sit
880 1287 959 1378 il}
976 1308 1026 1380 po
1047 1285 1071 1362 l.
1091 1282 1126 1376 δι
1144 1279 1308 1365 altitudo
1326 1285 1417 1366 DA
1442 1291 1464 1381 i
1481 1285 1574 1384 poll.
1591 1286 1653 1364 hae
1673 1285 1743 1366 su·-

394 1378 583 1480 perficies
607 1375 763 1478 nudae,
797 1377 880 1458 sine
904 1377 1070 1483 liquoris
1094 1386 1218 1466 ullius
1242 1381 1429 1464 affusione
1458 1385 1736 1468 cohaerescent

392 1477 627 1562 fortitudine
652 1479 798 1584 aequali
825 1506 859 1563 2.
885 1483 1046 1583 granisz
1089 1485 1312 1586 interposita
1338 1511 1438 1586 aqua
1472 1487 1736 1572 cohaerebunt

391 1577 628 1664 fortitudine
646 1582 791 1686 aequali
809 1609 865 1666 η.
881 1583 1012 1666 unciis
1033 1611 1042 1664 ε
1078 1587 1169 1670 oleo
1184 1612 1365 1687 raparum
1392 1587 1624 1688 interposito
1651 1613 1739 1676 nou,

392 1684 636 1766 divellentur
649 1685 723 1764 nisi
741 1685 921 1786 pondere
941 1701 997 1777 18.
1016 1687 1253 1772 unciarum:
1291 1688 1388 1766 sebo.
1411 1689 1643 1790 interposito
1671 1713 1732 1770 re·

392 1783 576 1891 quiretur
597 1784 645 1864 ad
668 1813 809 1870 eorum
838 1789 1101 1871 divulsionem
1125 1787 1281 1891 pondus
1299 1789 1598 1880 solimanum:
1631 1789 1739 1872 adhi-

391 1885 472 1968 bita
488 1910 608 1990 cera,
640 1889 797 1990 pondus
813 1919 900 1992 900.
916 1893 1106 1972 librarum
1124 1919 1135 1994 3
1172 1917 1218 1970 ac
1236 1889 1401 1972 demum
1415 1917 1545 1997 neque
1567 1917 1673 1996 1400.
1689 1891 1737 1970 li·

392 1994 553 2072 biarum
570 1991 747 2090 pondere
764 1994 933 2094 appenso
950 1993 1273 2094 divellentur‚‘si
1290 1991 1358 2090 pix
1374 1995 1522 2099 liquata
1535 1997 1658 2076 luerit
1674 1993 1736 2074 iri·

391 2091 605 2194 teiposita,
643 2108 758 2199 atq-ue
794 2097 879 2196 post
914 2096 1240 2196 comprellionem
1273 2093 1421 2178 horum
1453 2099 1732 2206 cylindrorum

221 2207 359 2286 ratri.
391 2193 604 2298 frigesafla,
1582 2247 1591 2260 -

217 2317 332 2416 5133,
493 2295 646 2474 {lffldfi
664 2297 834 2406 cylindri
855 2295 938 2380 duo
958 2321 981 2378 e
999 2320 1198 2378 marmore
1214 2297 1423 2398 praepnrati-
1440 2297 1613 2400 fuerint,
1637 2317 1750 2414 quo-¹

392 2423 484 2482 rum
537 2415 698 2478 iameter
724 2400 770 2478 sit
791 2412 873 2498 2³⁷³
897 2403 990 2501 poll.
1018 2402 1311 2502 conjungantur
1326 2401 1368 2481 in
1388 2401 1500 2520 plana
1516 2401 1738 2502 superlicio

394 2503 506 2601 MN,
533 2499 570 2577 di
588 2502 834 2584 sustinebunt
852 2519 990 2586 mutua
1006 2501 1234 2584 attraftione
1252 2499 1400 2584 suffulti
1427 2499 1582 2606 pondus
1608 2509 1642 2582 6.
1660 2525 1736 2588 une

391 2604 548 2684 ciarum.
567 2602 758 2704 praemilla
777 2627 890 2706 aquae
908 2603 1231 2704 interpositione:
1264 2629 1354 2686 cum
1380 2603 1614 2706 interposito
1643 2603 1736 2684 olen

390 2703 528 2790 uncias
544 2717 644 2804 ryg-t
670 2729 763 2790 cum
785 2707 879 2786 sebo
894 2706 1012 2785 libras
1029 2731 1129 2809 900:
1156 2728 1355 2786 cumcera
1373 2707 1493 2786 libras
1514 2732 1623 2806 ¹250·
1657 2709 1739 2809 Cy·-

391 2806 512 2890 lindri
529 2831 653 2911 vero,
674 2833 847 2914 quorum
865 2809 997 2888 minor
1016 2809 1073 2889 est
1090 2805 1323 2909 diametrus,
1348 2805 1518 2890 debilius
1527 2805 1734 2904 anahem,

241 2953 245 2960 ·
387 2938 465 3015 pro
491 2909 643 2992 ratione
668 2911 854 2992 nimirum
879 2911 1007 2996 mutui
1032 2907 1232 2990 contaetus
1258 2907 1541 3010 particularum
1565 2911 1629 3010 (l,
1647 2933 1732 2992 iin-

392 3026 467 3118 che
492 3013 578 3113 ΙΙ.)
626 3014 677 3093 Hi
706 3015 848 3098 rursusx
875 3017 1014 3094 omnes'
1036 3009 1204 3094 effectus
1226 3009 1343 3090 etiam
1370 3013 1413 3090 in
1436 3035 1568 3092 vacuo
1595 3007 1734 3090 antliae

343 3142 346 3150 ¹
392 3111 654 3294 effingunt,
668 3131 722 3196 ,ut
739 3113 907 3214 suspicio
926 3114 1002 3193 elle
1020 3139 1105 3196 non
1123 3113 1260 3215 polilt,
1282 3135 1353 3194 eos.
1367 3140 1390 3191 n
1404 3113 1601 3217 preslicne
1630 3107 1735 3190 aeris

389 3241 415 3296 o
471 3237 556 3291 riri.

494 3317 690 3394 Praeterea
707 3338 789 3395 non
807 3299 1090 3418 correspondet
1101 3316 1243 3399 horum
1261 3339 1478 3418 corporum·
1489 3309 1732 3426 cohaerentia

393 3441 489 3504 cum
508 3419 702 3520 preffione
728 3417 827 3496 aeris
850 3415 1136 3520 determinatag
1172 3415 1366 3522 siquidem
1383 3417 1527 3519 preffio
1551 3435 1649 3494 aens
1669 3413 1732 3492 su-

393 3527 534 3608 steiitat
546 3517 797 3604 Mercurium
814 3517 863 3600 nd
885 3544 949 3623 30.
968 3521 1064 3622 poll.
1114 3532 1201 3620 Jam
1229 3519 1258 3596 si
1284 3521 1403 3602 tubus
1426 3521 1531 3599 foret
1557 3519 1730 3616 vitreus,

395 3651 538 3724 cavus,
564 3621 633 3726 qui
651 3623 694 3702 iii
710 3621 899 3702 diametro
914 3624 981 3708 sua
997 3621 1214 3720 interiore,
1246 3618 1295 3697 nd
1312 3633 1396 3724 πή
1414 3621 1581 3724 pollices
1597 3631 1733 3696 cirten-

394 3732 456 3829 sa,
479 3726 728 3811 Mercurium
747 3725 948 3826 exciperet
965 3725 1015 3804 ad
1029 3756 1091 3829 3o
1096 3721 1267 3902 pollices
1278 3723 1518 3824 altitudinis,
1539 3735 1642 3836 totus
1657 3717 1731 3834 ille

395 3827 624 3912 Mercurius
692 3823 877 3908 nderaret
890 3849 1014 3926 prope
1030 3857 1083 3921 90
1111 3825 1242 3916 ibrns3
1278 3847 1371 3908 cuni
1393 3843 1528 3909 tamen
1551 3819 1730 3938 cylindrl

398 3930 481 4013 duo
540 3931 631 4030 eius
661 3927 792 4010 emin
818 3926 1007 4008 diametro
1034 3924 1345 4031 magnitudinis,
1376 3927 1469 4012 sebo
1489 3925 1603 4028 prius.
1614 3925 1732 4026 illiti,

397 3983 621 4114 curnilione
641 4045 774 4114 mutua
800 4029 954 4146 pondus
983 4051 1088 4128 1250.
1117 4029 1309 4112 librarum
1335 4031 1580 4147 sustineant,
1612 4041 1735 4142 ntimo1

325 4225 327 4230 ,
396 4139 439 4218 in
458 4133 539 4214 aliis
555 4135 698 4216 iterum
718 4133 953 4232 corporibus
968 4129 1230 4212 diverlimode
1257 4131 1346 4214 haec
1370 4131 1548 4214 corallio
1575 4144 1734 4211 contrua

396 4255 488 4348 gat,
509 4253 562 4322 ut
574 4242 639 4324 vel
658 4235 793 4320 exhac
811 4233 891 4326 sola
916 4233 1150 4322 cohaesionis
1172 4232 1393 4324 diverfiute
1415 4236 1614 4344 patescat,
1644 4231 1738 4338 vim,
