3782 4958
333 573 338 584 ⁴
466 497 545 579 300
900 483 1166 564 Sacriouis
1205 485 1260 564 11.

415 691 504 746 runi
520 677 650 743 tamen
666 664 840 744 omnium
858 677 1082 765 argumenta
1107 665 1259 750 sortaffe
1278 694 1359 753 noii
1375 673 1464 755 sunt
1485 671 1753 777 Peripateticis

417 765 631 850 rationibus
653 769 773 847 multo
798 767 1006 863 firmiora3
1033 793 1107 870 pro
1148 793 1271 878 crea,
1296 775 1402 878 quod
1429 799 1560 880 neque
1583 798 1754 875 corpora

416 872 568 972 omnia,
594 895 725 974 neque
743 869 940 970 qualitates
957 873 996 951 dc
1012 870 1086 950 affe
1128 871 1239 954 iones
1255 901 1468 978 corporum
1492 879 1576 958 satis
1595 875 1669 956 lint
1686 877 1758 954 lio·

416 969 579 1055 dicdum
599 973 819 1073 explorata,
845 997 888 1050 ac
904 989 977 1073 per
999 975 1241 1078 consequens
1262 997 1389 1061 certus
1412 979 1641 1082 simplicium
1673 979 1754 1056 elea

414 1093 636 1156 mentorum
653 1097 837 1154 numerus
854 1072 1017 1154 deliniri
1032 1095 1208 1182 nequeat.
1269 1087 1365 1182 ugo
1381 1082 1573 1185 prosetlo,
1588 1077 1657 1184 qui
1676 1103 1752 1182 pro

417 1176 620 1280 principiis
638 1173 803 1282 physicis
820 1199 954 1258 reruni
974 1179 1204 1261 naturalium
1235 1183 1393 1262 minima
1413 1183 1643 1284 corpuscula
1660 1205 1763 1261 con·

417 1277 523 1358 stitui
541 1282 593 1382 (l.
609 1284 665 1383 6).
691 1301 781 1384 quae
797 1304 871 1380 pro
887 1277 992 1357 varia
1009 1282 1325 1384 configuratione
1343 1286 1431 1386 sua,
1456 1284 1649 1386 varioque
1659 1303 1756 1363 con·
1820 1281 1827 1290 '

418 1381 533 1462 cursu
556 1383 680 1462 varias
702 1381 872 1460 efficiant
899 1401 962 1462 res
985 1385 1208 1488 naturales,
1232 1387 1275 1466 iii
1303 1409 1349 1466 ea
1371 1387 1508 1468 versor
1537 1383 1755 1484 sententia,

415 1499 461 1562 ut
477 1497 609 1586 putem
627 1488 818 1566 elementa
837 1480 998 1584 quidem
1011 1487 1211 1588 vulgaria,
1234 1507 1412 1591 tanquam
1429 1511 1493 1567 res
1507 1488 1553 1566 ab
1572 1485 1750 1568 invicem

412 1585 632 1688 plurimum
649 1585 866 1686 distinctas,
881 1585 1045 1668 retineri
1064 1585 1168 1690 polle
1184 1615 1197 1690 3
1225 1587 1515 1672 multitudinem
1532 1589 1752 1670 tamenele-

414 1701 634 1772 mentorum
658 1691 734 1769 hoc
756 1687 1008 1792 quaternario
1039 1715 1204 1772 numero
1235 1717 1317 1770 non
1347 1691 1422 1770 else
1459 1689 1751 1769 deliniendam:

412 1793 535 1872 multa
561 1792 706 1896 quippe
733 1791 825 1872 sunt
864 1789 1020 1870 elliuvia
1056 1791 1337 1894 substantialia,
1369 1793 1499 1874 veluti-
1517 1791 1752 1893 magnetica,

413 1891 453 1970 da
479 1893 684 1996 eleilrica,
710 1913 801 1994 quae
826 1913 902 1970 nec
935 1893 1035 1993 ignis
1062 1894 1177 1998 sunt,
1203 1919 1278 1974 nec
1305 1904 1399 1996 a'er,
1425 1919 1500 1974 nec
1533 1921 1653 1996 aqua,
1677 1913 1753 1972 nec

413 2007 547 2075 terra:
583 1997 744 2078 fortassis
769 1994 807 2074 da
838 1995 969 2095 plures
992 1994 1081 2074 aliae
1112 1995 1235 2079 adhuc
1266 1996 1354 2078 sunt
1378 1997 1630 2097 substantiae,
1655 2015 1748 2098 quoe

412 2099 600 2200 parvitate
617 2098 684 2180 sua
700 2121 858 2178 omnem
885 2097 1070 2176 laurinus
1093 2101 1246 2182 sensum
1273 2095 1525 2200 effugerunt3
1552 2110 1754 2201 nequeta·

412 2221 504 2280 men
521 2198 569 2280 ad
586 2201 710 2283 ullum
729 2211 897 2306 quatuor
921 2197 1140 2297 vulgarium
1165 2203 1446 2281 elementorum
1472 2200 1613 2298 possint
1627 2199 1755 2278 refer·

412 2299 464 2379 ri.
526 2303 692 2384 Interim
709 2301 897 2382 notilsima
913 2300 979 2378 illa
999 2319 1170 2404 quatuor
1190 2304 1381 2385 elementa
1400 2299 1545 2380 ordine
1569 2302 1752 2402 explana·

413 2401 592 2504 buntur3
617 2417 699 2486 tum
717 2402 825 2508 quod
841 2403 1065 2505 pervulgata
1075 2403 1183 2506 'sint3
1210 2419 1290 2486 tum
1315 2401 1423 2507 quod
1441 2399 1483 2482 in
1509 2403 1752 2484 resolutione

413 2524 626 2603 corporum
645 2507 775 2607 passim
793 2521 1010 2588 recurrant.

515 2609 616 2686 Haec
633 2621 762 2689 tamen
777 2603 856 2708 ipsa
873 2605 1106 2708 4elementa
1123 2605 1322 2706 vulgaria,
1344 2607 1383 2686 dc
1406 2603 1680 2706 consurgentia
1699 2629 1750 2686 eii

409 2703 499 2808 ipsis
514 2707 587 2788 alia
603 2711 721 2789 mixta
746 2733 915 2810 corpora
930 2723 1056 2790 certos
1071 2709 1171 2788 intra
1190 2707 1330 2802 limites¹
1347 2708 1557 2788 examinari
1576 2707 1748 2807 debent3

409 2811 789 2895 Benefieentiffinus
814 2809 961 2914 quippe
991 2813 1116 2893 DEus
1148 2833 1230 2889 eam
1257 2809 1372 2887 nobis
1397 2833 1559 2908 operum
1586 2811 1750 2892 suorum

411 2912 606 2994 not-ititam
633 2916 671 2994 ἂ
697 2911 1064 3016 pervestigationem
1091 2909 1279 3012 indulsit,
1304 2933 1395 3014 quae
1419 2910 1536 3012 vitae,
1560 2909 1750 2992 valetudi-

413 3014 502 3114 nis,
526 3015 563 3091 &
580 3013 708 3094 civilis
728 3011 918 3095 societatis
935 3013 1219 3094 necelsitatibus
1241 3027 1356 3114 queat
1383 3011 1600 3091 satisfacere
1619 3041 1629 3092 r
1653 3039 1750 3116 quo-
1877 3037 1878 3044 ¹

410 3115 643 3216 tiescunque
667 3118 771 3198 ultra
793 3118 881 3194 haec
898 3113 1200 3214 progredimur,
1217 3117 1255 3195 da
1275 3114 1317 3192 in
1332 3137 1469 3192 arcana
1487 3114 1633 3194 Divini
1654 3116 1747 3214 Opi·
1877 3189 1878 3206 q

411 3213 502 3296 licis
526 3216 708 3319 consilia,
733 3217 964 3318 intimasque
989 3231 1143 3296 naturas
1174 3213 1365 3314 inspicere
1385 3215 1681 3318 praesumimus,
1698 3219 1749 3296 la·

413 3319 543 3398 bimur
569 3319 614 3398 in
640 3335 824 3420 errorcs3
852 3340 982 3420 neque
1008 3316 1116 3396 enini
1143 3315 1273 3396 sensus
1296 3315 1449 3420 nostri,
1473 3343 1643 3420 quorum
1669 3341 1745 3422 ομ
1875 3321 1877 3394 l

411 3417 551 3504 euntia
579 3419 870 3524 cognoscimus,
897 3441 947 3498 eo
972 3420 1109 3500 valent
1116 3416 1382 3597 dpertingere,
1407 3439 1537 3522 neque
1558 3420 1675 3502 etiam
1692 3421 1748 3502 vi-
1875 3411 1877 3468 ³

411 3543 467 3607 tae
500 3521 696 3606 &salutis
728 3521 875 3604 nostrae
911 3523 1067 3621 negotia
1099 3517 1112 3596 i
1167 3535 1406 3634 requirunt:
1439 3521 1583 3626 quibus
1605 3523 1747 3604 sufficit

410 3650 461 3707 ex
486 3623 680 3726 variarum
707 3635 973 3704 creaturarum
998 3622 1094 3720 usu,
1119 3621 1158 3700 dc
1181 3621 1343 3724 aliquali
1363 3623 1596 3721 cognitione
1621 3624 1670 3704 ad
1690 3628 1747 3705 in·

409 3728 563 3806 finitam
589 3725 787 3809 Creatoris
802 3721 1000 3801 scientiam
1024 3721 1246 3804 manuduci.
1298 3719 1416 3830 Quod
1433 3721 1669 3832 observasse,
1683 3753 1746 3811 ra-

411 3823 536 3907 lidum
555 3827 612 3907 est
638 3845 773 3910 contra
790 3825 984 3924 Scepticos
998 3821 1232 3928 praesidium.

238 3921 391 4021 simplici·-
510 3927 557 4038 t.
584 3935 669 4027 35⁶·
761 3924 840 4044 uod
866 3925 1145 4044 simplicitatem
1164 3925 1451 4012 elementorum
1476 3929 1642 4032 spetlat,
1660 3953 1744 4010 eain

236 4043 283 4099 us
307 4023 365 4096 ele·
412 4047 520 4106 omni
547 4035 725 4127 tempore
779 4043 992 4126 eripatetici
1020 4025 1278 4132 allemeiunt,
1304 4030 1342 4109 dc
1359 4041 1440 4111 Zoni
1459 4030 1560 4136 apud
1576 4043 1747 4114 waiva

236 4141 356 4198 mento·
411 4127 476 4204 lid.
492 4153 522 4213 7.
549 4143 645 4230 Segni.
669 4132 740 4260 136
769 4131 1006 4208 elementum
1033 4125 1204 4210 definit:
1243 4141 1275 4217 ὶξ
1302 4133 1328 4207 ts
1340 4140 1446 4231 repeirri
1472 4145 1597 4232 γίνεται
1624 4137 1673 4208 roi
1695 4169 1745 4231 yi-

236 4251 321 4300 riim·
411 4232 540 4324 ripario,
568 4237 593 4336 q*
621 4234 661 4305 air
685 4265 699 4304 ο
724 4233 851 4342 ἔχων
879 4231 1067 4309 oa'iaaa'arou.
1093 4243 1140 4308 Ex
1158 4261 1218 4340 quo
1236 4243 1399 4344 cerepum·
1428 4241 1620 4340 lilia-fiant,
1646 4243 1689 4315 ὅ
1711 4249 1743 4314 iu
1775 4315 1779 4322 .

1609 4341 1699 4446 qod
