3782 4958
487 481 563 564 430
889 441 890 444 Ἴ
977 466 1249 544 Secutouls
1280 467 1350 544 ·Π.
1400 457 1407 467 ’

439 653 617 753 myrrha,
641 673 736 752 uuae
751 648 969 730 arn-arillimi
988 649 1076 729 sunt
1093 649 1258 748 saporis,
1282 663 1518 755 quacunque
1535 652 1652 732 etiam
1668 652 1760 752 ignis

441 764 592 832 tortura
617 751 716 832 illud
741 752 828 831 salis
850 751 1015 847 elicies,
1047 751 1153 852 quod
1179 751 1470 849 proportionata
1496 753 1633 851 gradui
1660 755 1760 853 sapo-

443 851 496 931 ris
522 853 762 954 respondeat.
840 851 957 952 Quod
985 849 1014 927 fi
1042 851 1244 952 particulae
1276 853 1359 932 illae
1393 853 1532 936 solutae
1566 879 1647 931 uon
1670 855 1762 956 sint,

443 954 596 1034 nullum
623 956 798 1054 saporem
827 951 1019 1052 offerent,
1042 950 1146 1056 quod
1166 953 1208 1033 in
1230 953 1475 1054 lapidibus&
1490 955 1656 1034 metallis
1678 957 1764 1036 usu·
1861 1049 1862 1054 Ν

441 1053 582 1132 venire
607 1055 796 1136 videmus.
866 1055 1055 1156 Denique
1079 1052 1230 1131 edricus
1257 1057 1517 1156 aculeatasque
1542 1055 1694 1158 requiri
1720 1055 1765 1132 ad
1860 1059 1862 1152 l

444 1155 621 1271 saporem
652 1157 855 1258 particulas
878 1157 1015 1256 probat
1046 1165 1113 1235 a'e'r
1137 1157 1175 1234 da
1199 1179 1316 1258 aqua,
1350 1181 1520 1258 quorum
1547 1155 1766 1256 particulae,
1856 1153 1862 1246 l

443 1257 644 1359 minimae,
670 1259 893 1336 mechanica
917 1271 1044 1336 tamen
1072 1269 1220 1334 textura
1245 1253 1292 1333 ad
1313 1255 1529 1357 glabritiem
1555 1257 1768 1337 conforma·

444 1369 522 1457 tae,
548 1381 715 1439 nervum
742 1359 874 1461 gustus
904 1358 1002 1437 nihil
1027 1357 1239 1460 quidquam
1264 1359 1430 1459 fricant,
1466 1355 1533 1435 sed
1559 1358 1645 1436 solo
1670 1355 1769 1442 tadu
1861 1387 1862 1448 j

443 1456 643 1538 sensibiles
683 1461 799 1560 super
840 1457 1056 1545 inoffensos
1092 1457 1245 1558 linguae
1284 1462 1486 1543 colliculus
1526 1457 1768 1538 volutantur.

442 1561 637 1675 Appulsus
660 1561 814 1640 tandem
842 1559 889 1640 ad
914 1576 1044 1660 aptum
1070 1585 1260 1660 organum
1286 1559 1517 1640 necessarius
1540 1559 1624 1658 est,
1659 1573 1769 1660 atque
1856 1612 1861 1625 .

442 1677 484 1740 ut
511 1659 701 1764 impressae
726 1663 996 1743 vellicationes
1021 1661 1223 1763 spirituum
1248 1663 1425 1742 vitalium
1452 1657 1620 1738 subfidio
1646 1657 1699 1738 ad
1713 1679 1770 1738 ce·

443 1761 604 1840 rebrum
631 1778 924 1865 propagentur3
958 1765 1059 1844 hrnc'
1076 1763 1216 1866 quibus
1239 1761 1466 1858 delicatiora
1491 1763 1579 1839 sunt
1604 1771 1769 1860 organa,

443 1857 649 1942 delicatior
673 1865 786 1945 etiam
817 1866 876 1944 est
903 1867 1082 1966 saporum
1115 1867 1339 1964 perceptio:
1379 1864 1567 1949 obturatis
1594 1858 1679 1938 illis
1700 1862 1771 1938 lin·
1860 1879 1862 1964 ξ

444 1964 599 2075 guaedr
624 1965 738 2067 palati
764 1967 1005 2067 tuberculis,
1032 1968 1107 2046 usu
1131 1965 1353 2046 validorum
1379 1966 1588 2066 saporum,
1615 1976 1686 2042 aut
1710 1961 1773 2040 iis-
1859 1969 1862 2074 l

443 2061 533 2141 dem
558 2061 704 2146 v1scosa
730 2067 889 2146 materia
913 2068 1085 2167 infestis,
1111 2066 1289 2148 hebetior
1316 2068 1364 2147 fit
1381 2066 1533 2168 gustus3
1560 2064 1773 2142 insentibus
1859 2075 1862 2184 l

443 2180 568 2246 autern
593 2168 651 2248 cst
677 2165 986 2272 delicatiffimus,
1011 2170 1182 2267 itemque
1205 2167 1275 2269 iis,
1300 2170 1368 2270 qui
1392 2191 1528 2270 aquam
1556 2166 1774 2276 communi·
1860 2205 1862 2278 p

440 2283 502 2346 ter
528 2266 677 2349 bibunt.
740 2274 940 2352 Caeterum
967 2271 1149 2351 nonsola
1174 2269 1335 2370 lingua,
1363 2268 1429 2346 sed
1461 2267 1671 2363 &palatus
1696 2290 1775 2344 eru·
1860 2279 1862 2328 l

441 2367 586 2446 stimari
614 2367 730 2450 debet
754 2385 882 2470 aptum
909 2375 1039 2472 gustus
1063 2396 1278 2473 organum,
1307 2367 1537 2472 deprehensi
1564 2368 1651 2448 sunt
1666 2367 1775 2470 quip·
1860 2335 1862 2466 i

309 2559 312 2566 ¹
441 2492 492 2567 pe
518 2467 717 2576 homines,
747 2473 816 2576 qui
834 2468 965 2571 lingua
981 2487 1154 2552 carentes
1173 2473 1324 2574 sapores
1340 2483 1613 2573 perceperunt
1648 2473 1772 2564 Hillou.

442 2573 481 2646 dc
505 2573 530 2647 P
555 2575 648 2652 Acad.
668 2583 775 2674 Royas.
805 2587 912 2672 1718.
963 2581 1097 2677 Atque
1113 2573 1164 2654 ita
1190 2589 1336 2676 praeter
1356 2583 1577 2653 enumerata
1595 2565 1644 2650 ad
1666 2569 1774 2670 sapo-

442 2697 527 2754 rum
553 2676 846 2776 perceptionem
861 2675 970 2755 nihil
997 2675 1219 2782 requiritur.

298 2769 387 2870 Qu
542 2782 571 2879 d.
598 2783 679 2896 498.
745 2785 907 2876 Sapores
933 2777 1127 2880 praecipui
1154 2777 1460 2868 communiter9
1489 2783 1773 2853 numerantur:

257 2868 404 2970 [marui
434 2878 549 2982 fhlsus,
577 2892 717 2988 pituah,
742 2882 860 2978 diescit,
885 2887 1010 2982 acidus,
1035 2911 1125 2978 acer,
1150 2883 1310 2986 iaspidas,
1334 2883 1485 2977 austum
1510 2877 1651 2966 occrbru,
1679 2899 1767 2947 ame

442 3009 502 3058 rus.
554 2985 690 3058 Drrlcedo
717 2980 905 3080 sentitur,
931 3009 1018 3063 cum
1045 2979 1185 3058 molles
1209 2979 1333 3058 aculei
1358 2977 1502 3056 blando
1527 2973 1680 3056 affristu
1705 2995 1773 3085 gq-
1861 3057 1862 3060 a

442 3078 543 3156 stum
570 3079 827 3182 demulcent3
856 3083 963 3183 quod
989 3083 1060 3183 fit,
1087 3079 1180 3162 dum
1208 3079 1411 3179 particulae
1438 3075 1572 3156 salinae
1596 3097 1686 3156 cum
1716 3079 1776 3150 ιν·

442 3177 558 3257 scosrs
581 3181 616 3264 dc
642 3184 861 3286 sulphureis
887 3183 1179 3285 combinantur,
1204 3181 1257 3259 lic
1283 3199 1327 3260 ut
1353 3181 1441 3258 aliae
1466 3175 1630 3256 aliamm
1658 3198 1776 3274 agen·
1860 3163 1862 3246 l

444 3277 591 3361 divim
619 3297 882 3392 attemperent.
958 3281 1160 3384 acrimonia,
1196 3281 1286 3360 dum
1323 3279 1545 3382 asperrimae
1569 3275 1775 3390 parti-culae
1860 3297 1862 3392 ἦ

440 3382 591 3466 feriunt
616 3391 859 3469 creberrime
885 3385 1046 3486 palatum
1073 3387 1167 3486 dac,
1194 3383 1245 3461 ita
1268 3397 1314 3462 ut
1344 3407 1392 3461 cx
1418 3381 1476 3458 his
1501 3409 1524 3466 9
1550 3379 1775 3484 sapor·1bu8,
1860 3427 1862 3476 4

440 3487 553 3566 vario
580 3489 697 3569 modo
723 3487 974 3588 combinatis,
1000 3487 1096 3566 varii
1132 3483 1359 3569 omnino&
1391 3479 1536 3561 infiniti
1563 3501 1774 3595 propemo·
1856 3495 1862 3628 ⁴

441 3585 533 3668 dum
562 3591 797 3690 consurgant
823 3591 985 3690 sapores.
1039 3593 1099 3669 Cl.
1123 3588 1355 3669 Loeumteum
1380 3583 1421 3664 ln
1437 3585 1587 3663 arcanis
1613 3583 1774 3662 suis-na·
1858 3629 1862 3692 l

440 3705 543 3768 turae
577 3691 747 3772 diversas
777 3691 1018 3791 singulorum
1045 3691 1225 3791 saporum
1252 3686 1480 3788 particulas,
1505 3685 1613 3768 varia
1638 3683 1769 3784 figura
1860 3707 1862 3718 ⁵

323 3863 328 3874 .
443 3787 618 3895 donatas,
643 3793 907 3895 microscopiis
929 3787 1097 3875 'conatus
1122 3793 1247 3872 suerat
1280 3789 1504 3889 explicare,
1538 3807 1631 3900 quae
1655 3785 1771 3862 etiam

437 3885 589 3972 ibidem
615 3895 781 3979 exhibet.
833 3891 1168 4076 guernadrnodum
1195 3915 1300 3971 vero·
1319 3889 1497 3990 plurimis
1514 3883 1664 3986 modrs,
1680 3909 1773 3991 ope

441 3991 657 4073 rationibus
688 4015 800 4100 atque
827 4027 846 4076 a
876 3999 1125 4078 mixtionibus
1152 3991 1366 4093 sapidarum
1383 3989 1660 4092 particularum
1680 4009 1775 4066 con-

441 4087 541 4172 ditio
566 4095 771 4202 variamr·;
809 4100 862 4184 lta
889 4101 1002 4184 etlam
1029 4098 1133 4176 uaria
1169 4096 1235 4176 illa
1262 4091 1570 4192 contemperatio
1597 4088 1695 4166 alios
1718 4091 1772 4168 sa-

440 4216 557 4298 pores
582 4195 743 4278 inducit.
934 4203 941 4217 '
1534 4225 1544 4234 ·

511 4299 517 4310 “
1623 4295 1720 4391 Expe-
