3900 4956
334 491 609 578 Drsssararro
633 487 689 571 ΙΙ.
712 485 781 572 Da
795 489 1039 572 manaem
1059 487 1175 570 Htsr.
1193 487 1314 574 Pnrs.
1446 500 1503 592 3³1

216 673 437 784 spontaneis
453 674 728 781 pbaenomeois
741 681 897 757 naturae
912 673 1146 756 lineamenta
1168 669 1372 755 definiant.
1433 673 1550 774 Quo·

216 787 321 870 oiam
338 803 439 862 vero
463 779 520 860 iar
534 778 717 863 omnibus
742 797 870 878 prope
894 776 1131 881 corporibus
1156 774 1352 860 mirandos
1378 764 1545 856 effettus

217 882 382 994 Ohymia
401 877 612 984 producit,
635 875 729 958 ideo
756 881 1019 962 communiter
1041 883 1115 962 tria
1138 905 1259 986 regna
1281 877 1547 980 assignantur,

218 986 262 1067 in
287 1007 382 1092 quae
405 983 603 1084 singularis
632 981 696 1060 iila
728 980 888 1062 scientia
913 979 1138 1064 dominatur
1168 1013 1179 1064 a
1212 1003 1383 1086 regnum
1408 995 1553 1092 nempe

219 1093 394 1186 manase,
419 1107 585 1200 regnum
612 1088 796 1201 vagantia,
824 1083 861 1163 dr
885 1107 1052 1186 regnum
1081 1090 1243 1166 anonas.¹
1280 1081 1349 1162 Illa
1377 1081 1555 1187 Chymrae

215 1215 331 1294 pars,
358 1209 453 1291 quae
471 1209 512 1266 tn
534 1188 732 1266 solutione
755 1187 795 1266 st
824 1187 1148 1268 transmutatione
1170 1185 1416 1267 metallorum
1435 1169 1557 1260 odeu-

220 1307 360 1390 patur,
389 1287 519 1392 palium
535 1285 745 1394 Alchymia
765 1281 934 1388 dicitur,
960 1289 1221 1395 eiusdemque
1239 1281 1503 1386 professores,
1527 1281 1556 1362 sa

219 1415 270 1476 eo
290 1393 566 1491 devenerunt,
585 1405 629 1468 ut
643 1387 1184 1498 metallumignobile-queant
1200 1391 1241 1471 in
1258 1383 1444 1470 nobilius.
1465 1411 1504 1463 v.
1517 1407 1554 1486 g.

219 1517 357 1576 aurum
376 1503 443 1570 aut
464 1498 670 1593 argentum
695 1505 984 1594 transmutare,
1012 1507 1205 1574 vocantur
1231 1496 1346 1588 adepti.
1401 1491 1553 1566 Horum

218 1595 348 1676 fertur
365 1593 524 1692 prorsus
543 1589 744 1695 incognita
767 1590 805 1669 δι
823 1615 918 1694 vaga
944 1593 984 1672 in
1011 1594 1128 1673 terris
1152 1589 1346 1676 conditio.
1397 1591 1553 1668 Metalla

208 1695 456 1782 nominibus
468 1695 713 1773 Planetarum
734 1691 977 1795 exprimunt,
996 1721 1133 1775 aurum
1149 1704 1241 1792 Solis,
1259 1695 1463 1796 argentum
1480 1701 1554 1772 La·

218 1825 275 1894 tte,
293 1799 470 1877 stannum
487 1799 602 1898 jovis,
626 1818 682 1875 aes
698 1793 768 1874 seu
795 1817 959 1893 cuprum
988 1805 1131 1900 Venetas,
1158 1799 1307 1878 serrum
1336 1803 1467 1887 Mareu,
1486 1799 1556 1900 bpo

221 1897 456 2016 drargyrum
477 1899 547 1979 seu
566 1910 770 1998 argentum
787 1897 925 1975 vivum
945 1905 1117 1998 Mercurii,
1144 1899 1400 2014 &plumbum
1425 1899 1557 1974 Saturni

219 2024 393 2084 nomme.
449 1998 602 2098 Scripta
621 1997 686 2076 sua
703 2000 743 2078 dr
757 2021 894 2079 arcana
911 1999 1025 2081 tantis
1044 1999 1237 2104 allegorirs
1256 1998 1487 2094 involvunt,
1508 2011 1555 2078 ut

220 2098 1551 2208 quiexipsorumlibrisartemcondiscere,&perlaboriosamtypam·

150 2259 153 2270 .
220 2239 265 2280 cn
283 2205 352 2284 seu
374 2201 714 2306 manipulationem
736 2204 778 2280 in
803 2205 927 2306 igne,
955 2207 1052 2286 velit
1083 2229 1223 2284 aurum
1242 2201 1493 2306 producere,
1519 2199 1552 2280 is

222 2304 463 2403 &plurimos
479 2324 601 2396 annos
616 2303 756 2384 misere
773 2302 991 2406 deperdat,
1017 2307 1057 2386 dr
1081 2305 1270 2387 maximos
1298 2305 1378 2384 sum
1408 2319 1470 2381 tus
1486 2325 1556 2380 ex·

220 2405 366 2508 pendat
381 2405 462 2487 sane
479 2405 749 2520 emolumento
766 2429 779 2500 ς
807 2401 877 2484 nifi
896 2407 980 2486 fors
1003 2411 1132 2510 adeptus
1155 2409 1293 2514 aliquis
1320 2333 1418 2487 orodi
1437 2402 1555 2484 tradi·

217 2509 330 2592 tione
343 2507 567 2618 mysterium
576 2506 667 2586 artis
676 2499 843 2586 instillet.
869 2509 1405 2594 Plurimiveroinveniuntur
1421 2513 1554 2608 Inpo

218 2611 370 2714 tiores,
384 2609 455 2714 qui
475 2609 990 2709 artispraetextuorumenas
1003 2615 1166 2695 aliorum
1179 2613 1334 2696 student
1364 2629 1553 2708 emunge-

218 2719 452 2830 re3Horum
466 2725 561 2794 nota
570 2712 640 2811 est,
650 2712 790 2792 multas
809 2735 883 2814 pro
892 2715 1090 2819 requisitis
1103 2717 1150 2797 ad
1168 2717 1420 2800 laborandum
1432 2729 1556 2810 pecu·
1716 2713 1719 2720 ’

218 2839 301 2896 mas
322 2833 486 2924 petere,
513 2835 607 2892 cum
626 2828 758 2892 tamen
773 2837 964 2896 verorum
984 2819 1219 2920 adeptorum
1243 2815 1402 2896 materia
1419 2811 1552 2910 obvia,

217 2912 259 2994 dt
274 2917 355 3000 sine
371 2910 521 3017 magnis
538 2915 753 3014 sumptibus
771 2913 904 2992 haberi
918 2917 1184 3017 perhibeatur.
1235 2918 1354 2996 Multi
1370 2915 1445 2996 viri
1463 2937 1554 2992 eru-

219 3013 391 3100 ditiffimi
406 3018 538 3118 lapidem
560 3011 827 3122 rttlosoph'oran,
843 3015 913 3093 seu
930 3015 1136 3100 tinfturam
1149 3017 1408 3100 universatem
1424 3015 1479 3098 nil
1495 3013 1555 3096 ni·

95 3139 98 3145 ’
218 3115 409 3204 sivanum
436 3113 701 3218 desiderium,
729 3133 795 3197 aut
820 3118 953 3218 potius
978 3123 1131 3198 arbam
1159 3121 1427 3220 arbitrantur,
1455 3137 1555 3224 quo

218 3241 310 3304 rum
325 3225 471 3306 arbiter
488 3217 564 3299 ese
580 3217 718 3300 nolim.
771 3219 818 3300 Id
831 3233 943 3324 certo
960 3219 1082 3304 scitur
1097 3220 1289 3324 evenisse,
1300 3224 1436 3326 quod,
1457 3241 1553 3300 cum

220 3321 272 3404 de
293 3321 592 3428 impoffibilitate
617 3317 867 3428 Chrysurgr'ae
891 3323 1150 3416 vehementer
1175 3322 1280 3406 inter
1310 3326 1464 3430 aliquos
1489 3320 1555 3400 ad·

219 3428 342 3506 vertis
366 3423 569 3506 sententiis
591 3419 684 3502 esset
704 3421 990 3526 disceptatum,
1017 3427 1193 3526 praesens
1227 3427 1452 3546 quispiam,
1483 3420 1554 3526 qui

217 3527 426 3610 tintiuram
442 3521 712 3624 eiuscemodi,
740 3525 786 3602 ab
802 3521 879 3602 alio
897 3525 964 3604 fibi
980 3525 1138 3607 sortasse
1157 3527 1351 3628 tradrtam,
1373 3525 1552 3623 habebat,

217 3632 301 3712 stne
324 3631 538 3710 verborum
564 3625 728 3726 strepitu
754 3625 959 3725 plumbum
986 3629 1176 3734 liquatum
1204 3629 1352 3712 adferri
1376 3625 1548 3731 jusserit,

219 3731 378 3814 immissa
406 3753 459 3812 ue
477 3727 518 3812 in
536 3725 632 3810 illud
647 3725 816 3808 tinstura
828 3727 975 3810 dixerit
992 3759 1002 3806 a
1027 3738 1140 3809 saisita
1153 3737 1231 3809 mibi
1243 3740 1298 3809 bac
1313 3752 1548 3839 argumentum,

217 3862 263 3917 ac
278 3835 389 3917 abice
418 3832 509 3914 erit.
559 3827 677 3911 uasto
695 3827 873 3910 examine
921 3827 1110 3914 raesentes
1126 3833 1182 3914 illi
1195 3834 1395 3938 plumbum
1414 3835 1460 3916 in
1471 3860 1544 3936 pu·
1655 3873 1660 3884 ·

216 3940 399 4020 'rissimum
426 3959 567 4016 aurum
591 3931 827 4014 conversum
855 3957 878 4011 e
907 3957 930 4012 e
953 3931 1316 4033 deprehenderunt.
1369 3943 1471 4020 Haec
1491 3939 1543 4018 de

219 4040 451 4148 Alchymia,
479 4057 645 4144 quarum
666 4032 888 4134 praecipuas
915 4035 1190 4144 operationes,
1218 4041 1388 4124 &notas
1412 4041 1544 4122 hiero·

217 4140 833 4320 glyphicasinseriusexponam..

221 4268 247 4302 ·-
317 4243 426 4327 Atia
444 4243 624 4354 chymaae
665 4261 798 4346 pectes
822 4258 1012 4418 intregro
1027 4239 1187 4352 vegetabili
1211 4245 1250 4328 ἃ
1273 4249 1561 4352 astutiorem

922 4363 946 4444 3
1407 4367 1498 4450 9²¹²·
