3782 4958
461 491 535 578 332
891 475 1160 557 Sacrrolvtr
1203 476 1256 556 ll.

270 747 272 752 ,
410 677 577 762 rumque
598 659 710 740 altius
731 658 948 743 mercurius
964 655 1160 762 ascendit,
1187 683 1303 764 quam
1321 659 1481 763 aestate3
1510 660 1742 765 dupliclsn'·
1795 627 1808 656 ⁰

410 763 552 844 mirum
570 762 697 842 causae
712 761 940 844 interventu
972 791 982 838 τ
1007 777 1090 846 tum
1117 761 1226 866 quod
1255 771 1323 842 aer
1344 763 1602 845 condensatus
1620 765 1743 863 gravi-

409 881 486 946 tate
503 879 719 966 augeatur3
747 877 827 943 tum
848 863 955 967 quod
973 866 1137 945 brevior
1162 866 1343 946 columna
1367 876 1501 968 aerea,
1523 865 1630 946 vires
1653 891 1742 948 cen·

410 968 575 1068 trisugas
603 968 775 1048 minores
801 981 1011 1054 exerceat:
1066 991 1132 1048 uae
1161 968 1394 1070 centrisugae
1422 967 1527 1047 vires
1550 968 1743 1068 gravitatis

412 1069 557 1152 astioni
574 1095 655 1150 non
680 1067 935 1150 mediocriter
952 996 1146 1152 obsidunt
1173 1096 1181 1141 τ
1210 1069 1304 1152 dum
1332 1085 1472 1149 ventus
1496 1071 1698 1171 superiore
1721 1093 1743 1148 a

412 1173 581 1276 regione
600 1175 697 1252 flans
715 1179 844 1250 aerem
868 1172 1164 1252 terram-versus
1181 1167 1347 1288 impellit
1366 1201 1376 1250 ε
1403 1169 1498 1252 dum
1523 1171 1745 1272 annosphae·

412 1305 456 1356 ra
475 1273 685 1376 vaporibus
706 1287 818 1378 atque
842 1273 1149 1356 exhalationibus
1164 1275 1322 1375 coprose
1340 1273 1630 1378 impraegnatur.
1674 1278 1746 1354 Le-

414 1381 505 1458 vior
530 1391 656 1457 autem
685 1377 937 1491 atmosphaera
960 1373 1171 1477 redditur,
1202 1377 1479 1459 &mercurius
1506 1377 1745 1480 aliquantum

414 1477 574 1561 sublidit
594 1507 602 1558 :
631 1501 719 1558 cum
736 1478 784 1554 ab
804 1477 1026 1580 impetuosis
1042 1478 1171 1558 ventis
1187 1493 1251 1559 aut
1272 1479 1579 1558 effervescentiis
1606 1489 1674 1578 aer
1688 1476 1746 1556 ab·

412 1581 575 1686 ripitur,
600 1583 639 1662 sa
657 1577 814 1679 spatiola
831 1605 950 1660 vacua
968 1581 1152 1661 oriuntur
1174 1607 1183 1658 :
1211 1603 1300 1661 cum
1317 1581 1424 1658 venti
1440 1595 1586 1660 eterra
1603 1581 1748 1662 sursum

414 1688 625 1788 proflantes
641 1681 931 1782 atmosphaeram
957 1683 1167 1782 attollunt3
1204 1706 1291 1762 cum
1308 1691 1376 1762 aer
1389 1681 1550 1786 rarefit,
1576 1677 1746 1786 quamvis

415 1780 553 1864 eadem
571 1781 670 1865 aeris
686 1783 796 1884 copia
812 1797 1036 1884 permaneat
1053 1784 1094 1864 in
1112 1782 1239 1862 altiori
1257 1784 1509 1886 atmosphaera
1527 1811 1541 1888 ς
1589 1783 1746 1885 gravitas

416 1885 566 2004 quippe
579 1907 787 1986 corporum
810 1881 1031 1966 distantium
1051 1913 1072 1966 a
1089 1883 1298 1987 superficie
1323 1903 1442 1966 terrae
1466 1885 1523 1966 est
1539 1885 1585 1967 in
1602 1886 1745 1966 ratione

416 2013 618 2092 recrproca
645 1984 919 2091 quadratorum
935 1987 1140 2070 distantiae
1162 2014 1182 2065 a
1209 2001 1347 2066 centro
1363 1993 1423 2092 (p.
1442 2011 1512 2088 131
1534 1997 1621 2096 Lege
1635 1990 1746 2087 III.)t

417 2117 508 2172 curn
527 2089 698 2196 denique
714 2087 929 2189 vapores&
947 2089 1229 2188 exhalationes,
1254 2103 1434 2191 tempore
1450 2089 1591 2190 pluvio
1607 2115 1654 2168 ex
1663 2096 1748 2167 aere

417 2189 610 2294 deciduae,
630 2190 900 2293 atmosphaerae
910 2190 1062 2289 pondus
1071 2207 1270 2274 attenuant
1285 2193 1336 2290 (l.
1350 2195 1453 2294 170).
1507 2196 1748 2294 Namaqueae

414 2297 501 2374 illae
519 2295 742 2396 particulae,
769 2317 857 2374 cum
875 2307 963 2371 ante
990 2293 1164 2396 pluviam
1181 2315 1256 2393 pro
1278 2291 1428 2373 ratione
1452 2292 1652 2394 gravitatis
1672 2291 1745 2370 suae

417 2395 620 2495 specificae
645 2405 776 2478 aerem
796 2392 1045 2498 gravassent,
1069 2395 1112 2475 in
1131 2392 1270 2476 astuali
1294 2392 1488 2475 descensu
1504 2411 1656 2477 tantum
1672 2415 1747 2493 gra-

418 2493 544 2577 vitant
567 2521 638 2596 pro
662 2496 813 2576 ratione
844 2497 951 2595 spatii
977 2497 1108 2601 aerei,
1134 2491 1244 2602 quod
1266 2495 1454 2576 obtinent.
1503 2501 1682 2594 Verum,
1704 2513 1745 2571 re

419 2596 467 2676 ad
493 2595 729 2688 severiorem
765 2597 893 2677 crisim
919 2613 1129 2698 revocata,
1151 2593 1264 2676 sateri
1288 2597 1481 2680 necessum
1511 2599 1597 2701 est,
1629 2598 1752 2676 allatas

213 2718 217 2726 ·
351 2787 359 2799 ‚
418 2702 531 2780 hasce
550 2696 679 2802 ¹causas
695 2724 775 2779 non
800 2698 874 2778 elle
893 2699 1099 2780 necessario
1126 2721 1213 2778 cum
1237 2699 1450 2778 barometri
1473 2699 1746 2781 variationibus

415 2802 642 2906 copulatas3
670 2803 750 2882 imo
768 2803 926 2904 longius
945 2801 1097 2882 sortasse
1112 2830 1134 2881 a
1147 2823 1331 2883 verarum
1350 2801 1548 2881 causarum
1565 2798 1747 2904 cognitio·

421 2926 473 2983 ne
502 2904 709 3008 absumus,
734 2929 848 3009 quam
877 2904 948 2982 fibi
974 2905 1084 2986 multi
1111 2902 1233 3002 vulgo
1257 2899 1538 3004 blandiantur3
1592 2907 1748 2985 Praeter·

420 3032 537 3108 quam
563 3005 693 3108 enim,
716 3008 825 3114 quod
842 3005 1093 3110 Phylicorum
1119 3003 1334 3104 sententia,
1368 3001 1420 3082 de
1456 3005 1581 3086 causa.
1623 3001 1747 3083 ravita·

420 3119 499 3184 tem
516 3106 619 3187 “aeris
640 3123 834 3210 perpetuo
858 3106 1057 3205 variante,
1090 3127 1219 3207 neque
1247 3101 1340 3185 dum
1365 3103 1529 3186 stabiliri
1553 3133 1605 3208 po
1650 3105 1745 3202 erit3

421 3207 509 3312 quis
539 3209 659 3294 facile
682 3206 878 3298 ¹conciliet
908 3221 1054 3285 motum
1078 3205 1262 3288 mercurii
1296 3204 1395 3286 adeo
1421 3207 1641 3290 variantem
1666 3225 1747 3287 cum

421 3311 617 3410 preffione
633 3309 754 3424 abrip,
780 3309 807 3387 sr
834 3305 1068 3406 tempestatis
1091 3307 1281 3412 variatio,
1305 3335 1327 3388 a
1344 3337 1427 3414 qua·
1437 3309 1547 3390 varia
1563 3311 1633 3392 illa
1653 3303 1749 3409 pres·

423 3413 480 3492 fio
508 3413 608 3492 aeris
634 3409 744 3517 ducat
776 3409 1004 3512 originem,
1030 3417 1075 3514 6,
1101 3425 1149 3513 8,
1185 3411 1305 3504 ro&
1338 3435 1420 3496 non
1451 3437 1544 3496 raro
1580 3407 1753 3500 roboris

421 3515 707 3618 subsequatur?
1178 3607 1182 3616 Ι
1484 3603 1486 3608 ,
1557 3587 1559 3594 ,

256 3593 319 3710 ⁸²?
334 3615 416 3717 Μ·
522 3619 597 3696 111.
622 3621 772 3698 A'erem
798 3611 1057 3697 vehementer
1082 3611 1286 3715 comprimi
1316 3612 1455 3720 polle,
1483 3614 1649 3700 abunde
1670 3637 1748 3716 pro·

252 3708 520 3800 mebant
535 3713 765 3833 bombardae
782 3717 1065 3820 pneumaticae,
1090 3717 1213 3818 vulgo
1232 3709 1527 3834 {qubbtidlem
1563 3721 1746 3802 intrarunt

425 3822 572 3922 quippe
587 3833 791 3901 cavrtatem
807 3833 988 3920 potenter
1000 3819 1098 3902 adeo
1116 3820 1399 3924 constrmgitur
1414 3827 1504 3924 adr,
1526 3836 1571 3904 ut
1587 3821 1747 3924 globum,

425 3933 554 4003 meatu
572 3921 696 4025 fatto,
721 3919 828 4001 haud
855 3923 1000 4024 aliter,
1031 3947 1145 4026 quam
1168 3921 1303 4028 pyrius
1322 3921 1453 4025 pulvis
1477 3925 1646 4006 excutiat
1669 3947 1681 4020 ς
1713 3919 1746 3999 &

452 4021 586 4103 uidem
606 4024 688 4102 fine
705 4023 813 4102 omni
838 4024 909 4104 illo
934 4027 1112 4127 fragore,
1146 4047 1262 4123 quem
1285 4025 1412 4128 pulvis
1434 4027 1567 4127 padus
1591 4023 1745 4107 excitare

424 4055 533 4206 solea
586 4132 708 4210 Certo
731 4125 872 4224 Regiae
898 4125 1088 4204 societatis
1112 4123 1330 4231 Philosophi
1355 4049 1630 4210 Londinenses
1651 4121 1748 4210 fastis

426 4227 707 4334 experimentis
722 4222 1090 4330 deprehenderunt,
1105 4234 1237 4314 aerem
1251 4251 1528 4341 communem,
1551 4252 1665 4336 quem
1681 4223 1745 4325 spi·

1566 4353 1702 4432 18³1le
