3802 4942
329 499 582 586 Pssstxv.
608 499 927 625 Dstrurr
948 499 1239 584 Esncrxrcx.
1372 524 1447 604 49¹

118 721 123 728 “
154 701 283 783 vitrea
293 697 626 794 commovebatur,
646 717 732 774 cum
749 703 877 771 tamen
888 692 1060 776 sonusin
1081 694 1353 796 peragratione
1374 693 1500 792 12276

156 807 246 908 ped.
268 830 313 888 12
332 802 481 880 minuta
505 793 674 876 secunda
696 793 918 876 insumeret
953 805 1111 874 Transeat.
1129 801 1360 903 A’rtngleucrre
1389 809 1494 893 1748·
1521 878 1525 884 ,

257 911 288 1007 l.
308 911 393 1004 546.
431 904 506 979 Pro
533 895 775 998 explicandis
797 897 1158 996 experimentorum
1184 900 1324 979 horum
1342 893 1498 976 elestri-

158 1031 297 1087 corum
314 1003 426 1099 multi
456 1002 592 1084 licium
603 998 738 1100 causis,
759 1021 939 1100 congrue
956 1002 1191 1101 affignantur
1210 997 1290 1081 duo
1305 1013 1500 1080 torrentes

157 1109 332 1190 materiae
359 1032 588 1203 eleitncae,
614 1103 683 1203 qui
707 1116 901 1182 torrentes
927 1098 975 1178 ad
1004 1104 1306 1182 commotionem
1329 1103 1503 1202 sphaerae·

155 1209 299 1289 vitreae
319 1205 372 1287 fic
389 1206 638 1306 diriguntur,
651 1219 693 1282 ut
709 1227 809 1283 unus
828 1205 965 1305 raptim
985 1225 1008 1280 e
1027 1223 1196 1304 corpore
1216 1221 1350 1302 exeat,
1364 1205 1404 1283 in
1419 1203 1500 1284 sor«

157 1338 222 1393 ma
238 1309 485 1390 cristularum
502 1305 793 1406 divergentium
812 1309 915 1407 MM,
942 1307 1040 1386 alter
1059 1304 1196 1385 eadem
1214 1331 1301 1386 cum
1319 1304 1500 1407 rapidita-
1512 1330 1666 1413 mur

156 1428 198 1492 te
218 1414 350 1490 locum
367 1408 563 1513 replendo
581 1407 704 1489 irruat
723 1406 765 1487 in
781 1404 898 1486 lineis
917 1408 1247 1510 convergentibus
1264 1411 1349 1486 NN.
1394 1411 1499 1488 Tor·
1507 1437 1570 1539 ppg,
1592 1455 1643 1514 12

156 1540 252 1597 rens
269 1508 628 1614 egrediensvocari
660 1509 759 1589 solet
781 1521 914 1589 marem
928 1520 1072 1615 altarem:
1100 1507 1333 1611 ingrediens
1353 1523 1497 1612 autem,
1530 1529 1532 1532 ·

155 1627 290 1696 mansa
310 1623 445 1793 αἷμα).
495 1617 571 1694 Pro
595 1635 645 1690 eo
668 1609 813 1720 itaque,
829 1637 873 1693 ac
889 1610 1054 1715 duplicis
1073 1612 1247 1694 materiae
1271 1610 1389 1710 hujus
1413 1633 1496 1692 mo·

156 1737 219 1800 tus
234 1719 278 1796 in
299 1739 322 1795 e
339 1716 517 1796 eiirisato
530 1735 702 1813 corpore
717 1715 909 1818 variatur,
935 1713 1043 1796 varia
1058 1713 1293 1796 attrutiionis
1312 1715 1495 1812 &repul-

155 1819 277 1900 sionis
295 1817 552 1919 phaenomena
577 1814 840 1918 contingunt,
866 1821 903 1899 δι
925 1843 1070 1919 corpus
1097 1819 1251 1919 semper
1269 1814 1497 1920 obsequitur

156 1919 335 2002 materiae
360 1919 532 2020 fortiori,
548 1915 613 1998 vel
643 1919 820 2018 exeunti,
842 1919 909 1998 vel
939 1919 1116 2000 irruenti.
1169 1920 1273 1999 Aliis
1292 1917 1497 2019 ingeniosa

156 2021 324 2122 duplicis
349 2023 462 2123 hujus
487 2017 673 2101 torrentis
697 2019 922 2125 hypothesis
949 2019 1111 2103 omnino
1137 2047 1218 2102 non
1244 2021 1395 2122 placet,
1421 2045 1500 2120 pro

157 2122 401 2228 explicandis
418 2119 613 2201 eleilricis
636 2121 908 2220 phaenomenis
933 2125 1111 2223 precario
1136 2121 1379 2224 excogitata;
1423 2122 1494 2200 sta-

153 2243 271 2308 tuunt
287 2225 416 2326 itaque
432 2221 693 2303 exhalationes
718 2247 934 2322 corporum
959 2223 1238 2306 elesiricorum
1264 2225 1413 2304 causam
1441 2237 1499 2302 at-·

135 2324 528 2418 ‚massionisillius&
549 2323 788 2424 repulsionis
813 2325 1022 2428 mirabilis,
1047 2326 1266 2431 dicuntque
1291 2349 1355 2406 eas
1379 2325 1493 2404 exha-

156 2429 321 2511 lationes
335 2429 389 2508 ita
414 2425 490 2506 effe
515 2437 770 2530 comparatas,
797 2441 840 2509 ut
863 2453 952 2510 cum
979 2430 1025 2506 ab
1051 2430 1136 2510 aliis
1165 2449 1290 2533 prope
1315 2427 1501 2511 omnibus

158 2529 393 2631 corporibus
413 2527 670 2609 vehementer·
695 2531 958 2634 attrahantur,
983 2531 1024 2610 se
1046 2533 1143 2634 ipsas
1168 2549 1299 2612 tamen
1323 2531 1498 2612 invicem

153 2659 235 2716 una
260 2634 416 2712 alteram
442 2631 699 2711 vehementer
720 2634 886 2732 repellat
911 2664 921 2715 a
955 2635 1021 2713 bas
1046 2636 1307 2717 exhalationes
1331 2632 1495 2710 demon-

155 2738 277 2818 strant
301 2734 343 2812 in
369 2735 457 2814 luce
489 2753 601 2834 aquae
628 2730 888 2836 elesirisatae3
922 2733 1097 2840 itemque
1124 2735 1259 2837 ineo,
1284 2732 1498 2838 quoduna

154 2851 264 2940 gutta
289 2860 406 2938 aquae
422 2831 655 2912 electrisatae
681 2833 837 2914 alteram
857 2838 1033 2936 repellat
1077 2839 1290 2918 Transactis
1304 2843 1496 2941 angleterre

157 2951 270 3043 1748
321 2944 564 3040 Quamquam
596 2933 756 3018 cordato
780 2937 1020 3041 Philosopho
1040 2941 1108 3020 hae
1121 2937 1388 3018 exhalationes
1406 2961 1493 3016 non

155 3039 285 3120 minus
302 3038 563 3143 hypotheticae
580 3032 712 3116 videri
728 3041 888 3142 poffint,
934 3067 1020 3121 uam
1041 3039 1215 3122 eleiirici
1233 3039 1293 3119 illi
1314 3040 1397 3119 duo
1414 3053 1498 3116 tor-

153 3153 295 3222 rentes.
344 3137 392 3220 Id
406 3157 605 3238 utcunque
618 3161 758 3222 verum
776 3141 851 3224 elie
870 3068 1051 3246 xiietur,
1068 3143 1174 3250 quod
1191 3142 1374 3247 eletirica
1390 3141 1499 3242 phae-

152 3266 325 3326 nomena
345 3239 426 3323 sme
443 3239 652 3322 substantia
666 3241 832 3344 quadam
848 3269 871 3323 e
888 3247 1123 3351 corporibus
1140 3243 1369 3326 electriferis
1382 3266 1495 3345 egre-

37 3431 43 3438 ,
152 3341 310 3438 diente,
336 3341 522 3444 explicari
538 3357 741 3445 nequeant.
802 3349 956 3429 Verum
985 3353 1182 3450 cujusnam
1209 3361 1365 3427 naturae
1385 3346 1495 3424 illam

152 3445 228 3525 elle
248 3443 497 3528 substantiam
517 3439 791 3526 definiemus?
838 3448 914 3528 Hic
925 3449 1068 3552 labor,
1092 3452 1305 3554 hocopus,
1329 3445 1496 3524 maxima

149 3549 192 3628 in
218 3547 294 3627 hoc
311 3545 627 3643 Philosophorum
649 3544 856 3652 dissensio,
880 3553 918 3629 δι
936 3552 1097 3633 fortassis
1114 3550 1308 3631 aberratio
1327 3575 1347 3625 a
1366 3569 1490 3647 ver03

148 3649 203 3728 fic
221 3671 365 3746 nempe
383 3648 512 3748 paffim
529 3647 700 3730 evenire
724 3651 845 3752 solet,
872 3653 963 3742 dum
991 3668 1168 3736 naturam
1194 3647 1370 3754 corporis
1397 3649 1495 3752 phy-

147 3751 218 3830 fici
237 3748 411 3830 definire
428 3747 619 3851 gestiunt,
645 3777 814 3857 quorum
835 3754 1009 3837 minimae
1023 3753 1231 3856 particulae
1249 3749 1494 3848 nostrossem

144 3854 209 3934 sus
227 3853 422 3952 eludunt,
449 3853 672 3952 &quorum
692 3852 872 3936 nondum
892 3855 1125 3938 sufficientia
1147 3869 1255 3955 capta
1272 3857 1360 3934 sunt
1376 3875 1492 3954 expe·

145 3954 314 4036 rimenta
342 3979 351 4030 τ
403 3949 572 4058 Quidam
590 3951 788 4035 materiam
815 3955 1037 4037 elettncam
1066 3955 1206 4038 dicunt
1233 3955 1309 4037 esse
1337 3970 1491 4038 naturae
1510 3971 1663 4050 Eledrtcae

145 4057 280 4154 igneae
304 4057 584 4158 elementaris,
609 4075 816 4159 propterea
839 4057 945 4160 quod
973 4054 1157 4164 frictione
1182 4060 1405 4161 excitetur,
1432 4059 1593 4171 lu-causae
1609 4083 1663 4148 ἑκ-

144 4179 232 4239 cem
260 4156 410 4257 spargat
435 4157 476 4234 in
503 4156 704 4258 tenebris,
741 4156 928 4264 quodque
956 4165 978 4240 s
999 4160 1134 4245 iritum
1158 4161 1244 4242 vini
1270 4167 1309 4246 lic
1335 4165 1662 4268 pynumcmmda

140 4257 350 4370 pulverem
365 4254 553 4340 accendat
568 4283 584 4360 3
637 4265 795 4342 Verum
812 4263 927 4364 plura
942 4293 969 4371 p
1037 4286 1206 4350 nomena
1224 4279 1358 4349 vetant
1370 4279 1490 4378 'mate-

701 4363 879 4470 Qqqr
1343 4389 1444 4449 naut
