3782 4958
433 521 720 602 enaricati>
743 519 816 603 iv.
841 487 913 600 Di
938 523 1085 604 Arne«
1354 543 1428 626 341
1516 463 1518 468 Ι

164 713 170 720 “
241 702 394 791 serviet
406 709 494 794 haec
514 707 669 788 elastiea
684 705 785 786 aeris
803 703 847 786 in
866 731 1022 788 omnem
1042 717 1189 811 partem
1206 705 1390 814 expanso
1404 731 1482 790 ma·
1497 717 1654 798 ΠΜ
1870 697 1873 776 ἶ

9 843 32 918 5·
139 811 227 914 gnis
251 809 498 913 ponderibus
515 807 746 889 elevandis:
800 808 1050 893 Alsumantur
1078 811 1270 930 pveficae
1294 815 1609 925 numago
1855 811 1873 832 ⁶

137 918 202 1014 D,
229 915 372 1020 quibus
389 912 529 992 annexi
547 909 620 990 snit
638 936 665 1011 4
681 909 790 1026 parvi
816 912 901 994 tubi
919 941 932 1018 3
961 913 1001 991 hi
1019 917 1104 998 tubi
1133 911 1236 994 inter
1252 917 1291 993 se
1305 937 1481 996 commu·

97 1043 99 1048 ·
137 1017 273 1096 nicent
287 1041 361 1133 pler
378 1011 567 1116 adJettun
586 1011 760 1094 medium
776 1015 917 1098 tubum
940 1023 998 1117 E,
1025 1016 1282 1116 longitudinis
1298 1022 1345 1098 16
1363 1015 1480 1096 circi·

135 1135 198 1198 ter
216 1117 431 1220 digitorum
451 1143 466 1220 ς
515 1115 746 1214 imponatur
761 1113 819 1196 his
835 1118 973 1198 vesicis
989 1119 1120 1201 tabula
1137 1120 1354 1222 quaepiam,
1384 1143 1479 1218 poti-

9 1269 11 1290 ι
136 1217 304 1302 deribus
320 1224 413 1322 FG,
439 1218 504 1298 vel
522 1213 636 1296 etiam
663 1215 824 1299 homine
849 1221 1048 1304 insistente
1074 1237 1257 1340 gravat23
1293 1221 1365 1304 ubi
1382 1219 1423 1298 in
1441 1226 1481 1302 H

9 1345 11 1422 ς
137 1326 314 1404 inflatum
337 1322 487 1424 suerit,
520 1315 786 1401 extendentur
810 1323 989 1428 vesicae,
1015 1321 1297 1426 &impositum
1352 1320 1481 1405 ondus

138 1428 433 1520 sublevabunt3
460 1422 689 1522 superficies
708 1421 814 1502 enini
839 1427 1018 1526 4haiiim
1047 1425 1266 1508 vesicarum
1371 1425 1483 1530 basis,

9 1561 10 1624 3
140 1530 357 1612 &altitudo
380 1525 438 1606 est
454 1523 539 1606 tubi
561 1524 801 1624 superficies

9 1729 10 1732 p
241 1632 316 1713 Vis
341 1632 428 1708 haec
462 1627 619 1707 elallica
646 1627 726 1706 aeri
758 1628 959 1713 indivulse
991 1631 1144 1734 semper
1168 1625 1372 1714 adhaeret:
1399 1630 1483 1733 post

139 1737 324 1816 summam
341 1732 384 1812 in
399 1731 491 1830 igne
511 1727 840 1835 rarefattionem,
866 1735 952 1836 post
978 1737 1181 1816 maximam
1208 1731 1484 1815 condensatio·
1605 1801 1608 1811 .

9 1839 11 1910 ζ
140 1863 263 1939 nem,
297 1836 383 1938 post
407 1855 566 1912 omnem
600 1835 927 1934 compressionem
954 1847 1022 1916 aei·
1045 1839 1223 1920 elasticus
1246 1838 1484 1938 perseverat.

9 1995 11 2034 ÷
139 1943 348 2023 uolonum
374 1951 487 2014 certo
513 1941 642 2012 aerem
666 1958 915 2014 communem
943 1935 985 2014 in
1011 1938 1184 2039 sclopeto
1210 1937 1485 2039 pneumatico,

9 2059 11 2080 l
142 2039 373 2159 quindecim
404 2061 595 2122 annorum
616 2036 722 2136 lapsu
740 2037 947 2122 fortissime·
962 2041 1244 2144 compressum,
1270 2039 1421 2142 reperit
1440 2038 1486 2116 il·

141 2145 304 2225 libatum
326 2139 532 2219 elaterium
556 2137 810 2218 conservasse.

239 2250 374 2347 §cgoo
401 2241 560 2322 Causam
581 2239 814 2320 elasticitatis
830 2245 950 2345 hujus
972 2240 1171 2348 definire,
1197 2267 1280 2322 non
1295 2237 1398 2322 adeo
1414 2237 1485 2317 ob·
1529 2247 1633 2348 caasa

9 2433 10 2438 Ν
142 2347 253 2429 vium
275 2347 354 2446 est,
377 2345 415 2422 di
431 2341 689 2458 expeditum3
714 2341 872 2431 videtur
897 2349 975 2428 huc
993 2347 1155 2428 multum
1180 2347 1368 2425 conferre
1391 2359 1630 2434 con-gatarhi·

144 2451 332 2550 figuratio
359 2455 561 2562 aerearum
587 2447 884 2560 particularum,
910 2475 1026 2556 quani
1051 2463 1181 2530 tamen
1205 2444 1487 2550 configuratio·

146 2577 241 2632 nem
275 2555 522 2631 minimarum
549 2559 750 2630 entitatem
785 2553 884 2634 nulli
918 2551 1102 2633 haetenus
1129 2553 1243 2634 licuit
1265 2553 1485 2652 explorare.

10 2711 11 2714 κ
146 2651 387 2736 Verosimile
402 2647 583 2750 videtur,
608 2649 873 2738 elasticitatem
897 2655 1004 2733 illam
1023 2679 1289 2752 promanarea
1313 2653 1358 2733 vi
1376 2665 1486 2729 atua-

12 2793 13 2796 Ν
146 2757 251 2852 stiva
279 2765 477 2836 aerearum
502 2752 813 2854 particularum,
845 2777 935 2862 quae
961 2757 1120 2858 quidem
1145 2759 1332 2858 sphaerica
1354 2752 1496 2850 ligura

146 2859 305 2942 donatae
326 2856 418 2956 sint,
442 2854 481 2932 di
507 2877 557 2931 ex
584 2870 722 2935 centro
748 2855 920 2938 civitatis
937 2867 1021 2936 non'
1046 2867 1202 2940 taiituni'
1222 2855 1363 2957 punita
1387 2849 1490 2952 peri-¹

147 2963 300 3065 pheriae
316 2959 425 3060 suae,
451 2953 519 3033 sed
547 2957 662 3038 etiam
688 2958 903 3040 exteriores
924 2961 1026 3040 aeris
1052 2959 1257 3064 particulas
1284 2983 1320 3040 ae
1348 2955 1488 3038 naliter

148 3068 338 3144 attrahant
356 3085 369 3160 3
421 3067 505 3139 Hac
520 3059 666 3161 quippe
685 3059 839 3158 ratione
856 3063 1075 3165 explicatur
1090 2985 1372 3167 percommode
1387 3053 1490 3136 aeris

147 3183 225 3247 tani
245 3161 470 3263 compressi,
495 3185 613 3266 quam
628 3163 808 3246 raresaili
827 3165 1063 3268 erasticitas3
1088 3191 1177 3245 iiam
1199 3165 1401 3245 incuivate
1418 3181 1490 3261 per

149 3271 386 3371 pressionem
413 3263 841 3379 aliarum-sphaerarum
875 3269 1237 3388 circumjacentium
1269 3262 1493 3378 peripheria

152 3371 358 3479 particulae
375 3377 506 3448 aereae
526 3366 665 3448 nititur
678 3369 820 3472 punita
839 3372 1074 3473 peripheiiae
1089 3375 1171 3454 suae
1190 3386 1365 3450 acentro
1374 3383 1492 3469 aeque

151 3474 336 3554 distantes
351 3469 477 3570 tueri,
502 3469 597 3549 hinc
618 3469 666 3550 fit
682 3470 880 3554 dilatatio:
906 3477 943 3554 dt
975 3475 1125 3555 tursum
1153 3475 1246 3556 duni
1264 3497 1336 3574 per
1351 3467 1493 3548 raresa÷

153 3578 326 3658 {tionem
344 3572 432 3652 aliae
455 3573 664 3672 sphaerulae
679 3575 783 3655 aeris
815 3577 861 3654 ab
892 3577 976 3656 aliis
999 3579 1247 3677 avelluntur,
1280 3597 1353 3676 per
1379 3583 1492 3646 attia-

150 3679 329 3762 {iionem
346 3689 516 3755 mutuam
534 3675 616 3753 sese
631 3675 809 3760 violente
826 3680 1130 3786 subsequuntur,
1149 3680 1187 3759 ἀ
1204 3673 1494 3755 horridosnori·

151 3803 353 3886 nunquam
372 3773 538 3858 effestus
554 3777 691 3860 edunt.
745 3791 909 3862 Nonianus
922 3785 998 3865 Lib.
1018 3787 1069 3861 Πὸ
1086 3791 1216 3886 ivtmip:
1234 3799 1321 3888 rrop.
1342 3805 1402 3880 23.
1424 3777 1493 3852 de·

157 3883 271 3966 ducit
286 3883 389 3962 hanc
405 3878 504 3960 aeris
527 3881 791 3966 elasticitatem
811 3909 859 3963 ex
878 3885 1076 3986 particulis
1091 3883 1172 3962 sese
1188 3899 1324 3963 mutuo
1340 3879 1496 3981 fugien-

152 3991 281 4088 tibus,
307 3984 359 4063 ait
376 3997 505 4062 tamen
519 3981 690 4090 ibidem,
716 3989 816 4068 hanc
836 3989 938 4067 suani
957 3985 1238 4088 expositionem
1256 3983 1332 4062 else
1350 3984 1496 4070 mathe-

155 4090 356 4188 maticam3
383 4099 571 4187 oportere
589 4105 716 4171 autem
734 4117 755 4170 a
776 4087 945 4198 Physicis
959 4085 1218 4192 quaestionem
1235 4087 1427 4196 physicam
1444 4080 1496 4163 ad

66 4263 71 4272 .
157 4191 347 4274 incudem
364 4190 569 4291 revocari,
590 4193 630 4271 di
649 4193 871 4296 periculum
898 4191 1016 4296 fieri,
1043 4219 1090 4272 an
1112 4217 1198 4273 cum
1212 4187 1496 4296 experimentis

158 4293 424 4376 mathematica
448 4290 727 4382 demonstratio
751 4297 926 4398 legitime
951 4297 1158 4401 conspiret.
1207 4301 1495 4380 Verumtamen
1560 4384 1566 4393 ³

745 4402 875 4508 ΠΜ
1346 4419 1445 4497 quo-
