3782 4958
265 481 409 562 rani.
421 479 534 561 VIII.
560 473 787 556 DuLocrs
804 475 1000 594 Naroma
1021 447 1276 559 urUmrun.
1352 483 1423 584 ‘38¹1
1556 476 1561 554 ’,

242 663 292 742 Iu
312 681 361 740 eo
391 681 560 762 namque
584 657 683 739 lucis
709 669 851 738 natura
876 659 1057 742 constitui
1085 659 1234 764 debet,
1270 683 1340 762 per
1366 657 1474 765 quod

18 765 20 842 l
84 789 89 800 ·
149 763 247 844 lucis
273 763 529 864 phaenomena
554 757 914 840 convenientiflime
930 763 1193 862 explicantur3
1218 785 1290 865 per
1305 762 1391 840 haee
1410 788 1477 842 au-

145 879 223 944 tem
248 863 442 964 profluvia
459 861 719 942 substantialia
743 860 858 964 ignis,
879 861 1112 962 rapidiffinlo
1136 879 1245 944 motu
1262 861 1478 942 secundum

146 967 268 1048 reitas
300 964 421 1043 lineas
445 965 610 1064 vibrata,
636 962 735 1044 lucis
764 965 1025 1066 phaenomena
1050 963 1330 1067 percommode
1357 965 1478 1062 expli-

18 1119 20 1146 .
147 1084 325 1167 cantur,
359 1065 595 1166 intelligitur
618 1065 793 1169 quippe,
827 1064 934 1168 quod
961 1067 1033 1144 hac
1066 1067 1217 1149 ratione
1243 1063 1478 1148 velociffima

18 1169 20 1238 l
146 1171 245 1252 lucis
271 1172 309 1251 δι
334 1172 488 1249 umbrae
515 1165 728 1248 secundum
749 1165 871 1247 restas
895 1167 1015 1250 lineas
1043 1167 1088 1248 fit
1115 1168 1340 1268 protenfio:
1368 1164 1478 1270 quod

18 1265 20 1298 '
60 1291 62 1294 ·
145 1271 268 1352 lucidi
295 1268 471 1370 corporis
497 1267 747 1350 subtiliffimae
773 1266 957 1370 dispersae
986 1271 1189 1370 particulae
1208 1271 1365 1350 eosdem
1389 1295 1478 1372 pro·

18 1387 19 1390 ‘
145 1373 240 1454 dant
274 1371 463 1473 effeetus,
506 1369 576 1488 qui
609 1371 655 1448 ab
691 1371 813 1469 ignito
848 1373 1008 1455 lucente
1036 1395 1200 1475 corpore
1236 1372 1479 1472 eliciuntur,

144 1474 240 1557 dum
266 1495 409 1573 nempe
434 1471 638 1573 parnculae
663 1472 746 1552 illae
772 1496 845 1574 per
870 1475 995 1556 lentes
1020 1475 1058 1555 δι
1082 1475 1236 1578 specula
1254 1473 1417 1556 caustica
1434 1471 1477 1554 in

143 1581 280 1659 focum
302 1575 549 1676 colliguntur
570 1574 608 1653 δι
624 1585 771 1654 urunt:
799 1581 859 1682 (l.
877 1577 992 1685 367).
1046 1577 1163 1682 Quod
1183 1573 1310 1658 lucida
1327 1573 1363 1653 δε
1380 1573 1482 1676 igni·

144 1695 185 1760 ta
212 1703 380 1779 corpora
404 1681 456 1755 ob
478 1675 753 1776 particularum
785 1679 940 1760 effluvia
968 1676 1126 1760 tandem
1150 1675 1402 1781 diffipentur,
1427 1691 1479 1782 at·¹

141 1803 225 1886 que
257 1783 304 1859 ad
332 1791 475 1858 certam
501 1773 684 1856 duntaxat
711 1773 927 1864 distantiam
954 1785 994 1860 se
1021 1777 1262 1880 protendere
1289 1781 1477 1859 valeantr

143 1881 268 2066 guod
309 1879 483 1994 denique
520 1901 566 1955 ea
598 1899 786 1976 corpora,
801 1903 894 1995 quae
927 1881 1057 1962 lucem
1083 1879 1340 1982 copiosiorem
1366 1881 1482 1959 refle-

185 1999 278 2085 unt,
304 1980 505 2062 difficilius
527 1979 792 2082 incalescant3
820 1982 887 2060 rlla
911 2006 1010 2064 vero
1036 1985 1208 2082 calorem
1236 1983 1361 2062 subito
1387 2005 1481 2060 con·

56 2181 58 2186 Ι
146 2087 318 2188 cipiant,
343 2084 385 2164 in
410 2106 501 2186 quae
521 2081 600 2160 luci
620 2079 783 2161 liberior
803 2083 990 2184 ingrellus
1043 2099 1146 2165 atet:
1202 2083 1327 2186 Igitur
1354 2079 1396 2163 in
1421 2081 1481 2162 his

146 2189 355 2292 profluviis
370 2184 470 2265 lucis
485 2198 624 2262 natura
636 2205 809 2282 congrue
828 2185 972 2268 dicitur
990 2114 1063 2264 eie
1080 2185 1294 2267 constituta.

248 2292 277 2390 l.
301 2313 389 2390 421.
432 2286 547 2364 Hinc
568 2282 776 2385 est,²quod
798 2287 971 2388 oppolita
988 2288 1064 2369 luci
1092 2309 1260 2388 corpora
1285 2289 1327 2366 in
1348 2285 1481 2366 aversa
1489 2307 1567 2407 Q
1584 2307 1627 2402 fi,
1738 2381 1741 2392 Ι

175 2403 258 2469 arte
283 2391 457 2469 umbram
482 2386 505 2462 s
527 2391 693 2486 arganr,
726 2407 775 2462 eo
797 2387 957 2490 quidem
985 2393 1204 2492 majorem,
1237 2417 1315 2492 quo
1352 2387 1481 2467 minor
1516 2419 1596 2482 mr,

145 2419 273 2573 inerit
298 2493 363 2572 lux
387 2415 562 2590 oppolito
585 2507 777 2587 corpore,
803 2505 865 2570 aut
910 2519 963 2574 uo
984 2491 1242 2594 propinguior
1267 2491 1327 2570 illi
1347 2489 1603 2592 sueritmmr„
1632 2508 1651 2586 r

146 2593 347 2671 minorem
372 2613 471 2669 vero
487 2612 505 2689 ,¹
530 2613 617 2702 ·quo
642 2590 764 2688 maj0r
797 2591 867 2672 lux
882 2519 1013 2674 inerit
1038 2618 1202 2696 corpore
1226 2593 1480 2692 illuminato,

148 2709 219 2776 aut
245 2719 324 2798 quo
349 2693 482 2794 maiori
509 2692 627 2786 spatio
653 2689 700 2766 ab
719 2689 861 2774 eodem
882 2695 1004 2774 distat.
1053 2695 1242 2800 Nunquid
1260 2697 1392 2774 videas
1412 2694 1482 2770 hac

147 2794 200 2874 de
231 2797 340 2875 causa
365 2794 498 2872 lunam
528 2789 568 2867 in
588 2793 719 2870 aversa
744 2809 853 2892 parte
885 2817 1073 2894 opacam,
1103 2795 1331 2876 illustratam
1350 2810 1479 2872 autem

148 2899 192 2978 in
223 2897 305 2976 Soli
331 2893 506 2994 opposito
532 2891 839 3000 haemisphaerio,
870 2895 907 2974 δι
936 2892 1096 3008 quidem
1120 2896 1224 2974 ultra
1250 2893 1483 2996 dimidium,

147 3024 200 3079 eo
227 2995 332 3100 'quod
359 2999 484 3075 solare
511 3015 655 3089 corpus
681 2995 812 3075 lunam
838 2995 1106 3098 magmtudine
1124 2995 1348 3098 'plurimum
1375 3013 1483 3076 ante-

149 3098 279 3181 cedat.
342 3093 462 3204 Quod
489 3097 526 3202 ss,
545 3094 707 3210 solarem
732 3093 881 3178 radium
908 3123 980 3200 per
1003 3099 1180 3190 foramen
1204 3099 1247 3180 in
1273 3100 1482 3182 obscurum

149 3201 288 3281 cubile
314 3197 513 3297 immittas,
547 3192 745 3277 videbitur
775 3197 879 3280 reita
915 3203 1020 3281 linea
1045 3223 1119 3303 per
1142 3215 1265 3282 totum
1294 3201 1483 3302 spatium,

149 3324 298 3404 nempe
326 3303 347 3377 i
369 3302 559 3380 foramine
583 3297 857 3403 ingreffionis,
882 3307 1002 3410 usque
1031 3301 1077 3380 ad
1099 3303 1282 3408 obicem,
1309 3304 1406 3386 lucis
1423 3303 1484 3382 ul-

148 3401 294 3490 teriori
329 3403 503 3482 transitui
531 3397 773 3506 obstantem3
797 3401 867 3482 'sm
893 3429 992 3487 vero
1020 3406 1175 3486 obicem
1205 3407 1314 3486 illum
1343 3407 1486 3502 tollas,

148 3506 193 3588 id
224 3505 301 3605 est,
328 3505 489 3587 alterum
515 3503 689 3582 foramen
713 3504 906 3604 paulisper
927 3513 1047 3610 majus
1075 3532 1123 3588 eo
1150 3509 1191 3586 in
1211 3509 1301 3586 loco
1323 3506 1485 3608 aperies,

151 3633 230 3712 per
251 3605 362 3708 quod
392 3603 523 3685 radius
549 3603 618 3681 ille
652 3605 784 3686 solaris
808 3603 982 3690 dilatatus
1011 3606 1288 3691 &inoffensus
1321 3603 1484 3686 transire

180 3725 292 3807 ueat,
317 3727 403 3791 tum
429 3709 541 3792 nullo
568 3719 776 3806 apparente
800 3707 897 3788 lucis
920 3710 1087 3810 vestigio
1111 3709 1243 3792 cubile
1266 3724 1390 3790 totum
1415 3710 1485 3786 ob·
1514 3751 1517 3762 ·

147 3741 312 3894 icarum
336 3807 607 3914 permanebit,
632 3807 732 3890 haud
758 3811 868 3892 secus
890 3815 961 3890 acsi
989 3815 1096 3890 nulla
1121 3810 1275 3911 prorsus
1301 3811 1368 3891 lux
1395 3807 1486 3890 ellet

153 3911 344 4008 immillag
379 3909 451 3990 nisi
485 3911 614 3989 sorsan
641 3911 838 3992 cralliores
870 3913 1071 4009 particulae
1093 3912 1134 3992 in
1164 3921 1253 3992 a'ere
1278 3913 1485 3996 volitantes

155 4021 288 4099 lucem
314 4013 605 4111 interciperent.
666 4013 750 4092 Sint
771 4011 849 4092 duo
876 4013 959 4093 tubi
986 4019 1057 4096 AB
1081 4014 1117 4094 &
1137 4015 1236 4108 CD,
1261 4015 1330 4124 qui
1355 4015 1395 4096 se
1421 4009 1549 4100 in-'rt
1567 4027 1650 4105 rra

154 4121 286 4202 vicem
311 4113 525 4208 secundum,
551 4117 712 4215 angulos
739 4113 865 4194 reflos
890 4115 1152 4216 intersecent3
1189 4114 1236 4196 ad
1261 4137 1479 4223 aperturam
1488 4127 1546 4234 Frg.
1568 4133 1625 4214 ιε),

154 4229 199 4303 A
223 4215 441 4320 applicetur
462 4220 630 4320 lumen,
646 4216 945 4402 vi'debgtrssrbhoc
969 4244 1041 4325 per
1062 4221 1485 4407 extremitatemsoppo·

224 4329 231 4355 '
260 4337 269 4358 ⁴
900 4349 938 4426 3-
1347 4342 1438 4406 rtem
