3802 4942
340 483 1248 578 ranaxffl.mearoaaarrrrooan.
1360 511 1439 600 465
1483 493 1493 500 ’

161 686 247 754 tum
270 669 349 753 viar
377 671 663 778 attribuerunt,
689 697 822 778 equam
848 674 890 754 in
919 673 1083 774 glaciem
1107 677 1394 780 condensandi,
1421 705 1490 763 ve·

160 799 249 856 rum
272 771 392 854 etiam·
413 775 454 857 in
482 773 695 858 duriffimas
721 801 764 856 cr
792 777 944 879 stallos,
969 799 1156 878 gemmas,
1182 780 1219 858 oz
1247 779 1489 888 adamantes;

160 873 341 956 dicebant
367 876 511 976 quippe
546 877 717 981 lymphas
769 877 1047 978 ubterraneas,
1079 879 1243 979 frigoris
1269 887 1488 968 accessione

159 976 256 1058 adeo
282 975 411 1054 valide
436 978 823 1084 inseparabiliterque
850 977 1072 1080 compingi,
1098 996 1140 1062 ut
1166 1008 1237 1082 pro
1260 986 1365 1066 varia
1390 989 1487 1068 vici

90 1145 93 1150 .
158 1101 297 1156 norum
337 1102 546 1178 corporum
582 1079 749 1160 tinllura
774 1077 1105 1182 diversicolores,
1145 1099 1211 1167 aut
1237 1085 1393 1186 rubini,
1419 1106 1488 1170 aut

157 1177 320 1279 saphiri,
346 1195 411 1261 aut
429 1181 685 1286 chrysolythi,
712 1195 778 1262 aut
797 1181 1015 1264 adamantes
1040 1182 1294 1286 enascantur3
1322 1188 1486 1293 ipseque

156 1288 249 1360 Piero
283 1279 325 1360 in
356 1291 467 1367 Timeo
499 1283 736 1364 adamantem
761 1311 885 1360 ramum
914 1291 987 1360 auri
1019 1283 1217 1386 appellet3
1254 1303 1490 1392 propterea,

156 1379 260 1482 quod
289 1404 337 1462 ex
362 1405 543 1486 aquarum
569 1383 765 1488 reliquiis,
790 1405 813 1459 e
834 1381 973 1484 quibus
1000 1409 1135 1466 aurum
1162 1386 1345 1470 interrae
1364 1417 1486 1494 pene·

155 1483 319 1570 tralibus
345 1482 471 1564 creari
498 1485 756 1588 opinabatur,
782 1483 895 1565 etiam
923 1481 1073 1563 adamas
1096 1485 1287 1584 gignatur.
1361 1493 1488 1593 Apud

155 1589 275 1686 Jobum
302 1604 411 1666 certo
437 1605 510 1696 cap.
538 1601 595 1684 38.
630 1587 787 1686 frigoris
809 1585 849 1661 in
876 1583 1027 1664 nivium
1061 1587 1096 1664 dt
1123 1587 1261 1688 glaciei
1287 1597 1486 1695 compagi-

157 1685 319 1768 natione
337 1687 522 1790 potestas,
540 1689 644 1770 inter
668 1713 805 1768 arcana
831 1683 979 1767 diviuae
1006 1686 1160 1769 virtutis
1187 1687 1382 1776 refertur:
1401 1727 1483 1775 aaa·

155 1795 237 1894 quid
251 1794 412 1898 pervetusti
426 1792 471 1865 ed
481 1799 590 1870 aeraria
605 1805 683 1871 nivie
695 1793 862 1890 {audurae
877 1804 988 1866 oraria
1002 1795 1194 1896 grandinis
1218 1792 1275 1870 Sit
1293 1795 1426 1900 itaque

166 2033 172 2042 -
496 1973 599 2062 PR
630 1973 737 2062 ΟΡ
766 1973 810 2060 O
840 1972 869 2062 S
898 1970 917 2058 I
948 1971 989 2059 T
1016 1975 1038 2060 Ι
1068 1974 1125 2060 O.

154 2094 183 2194 ς.
213 2115 296 2196 520.
335 2085 488 2224 Filigue
512 2089 547 2185 ei
570 2092 703 2192 qualitas
722 2087 889 2187 leniiiiie,
916 2114 982 2190 que
1006 2111 1066 2191 pro
1087 2079 1201 2186 ‘majore
1231 2095 1391 2190 ostensione
1412 2121 1481 2170 me-
1500 2103 1630 2205 Frigora

404 2195 504 2290 jerem
533 2197 581 2262 vel
600 2204 748 2264 minorem
772 2199 846 2290 egnit
873 2189 1036 2284 absentiam
1063 2209 1176 2278 notate
1201 2209 1374 2294 tuaequae
1400 2195 1483 2269 nobr'e
1497 2223 1624 2279 natura.

146 2300 339 2399 percipitur,
372 2321 442 2366 eum
474 2290 519 2362 ad
533 2291 650 2392 frigidi
675 2302 806 2396 corporis
835 2289 1009 2363 concauam
1034 2298 1149 2366 minori
1176 2297 1367 2369 vellicatione
1382 2295 1481 2394 senfin

151 2399 243 2496 nestri
260 2405 398 2480 cientur,
412 2417 507 2495 quem
524 2403 635 2464 intima
653 2395 690 2482 lie
712 2417 878 2464 navorum
901 2394 1067 2486 nostrorum
1094 2408 1267 2472 concreatio.

258 2497 357 2576 Cum
382 2491 489 2570 enim
515 2488 623 2566 calor
647 2487 689 2565 in
718 2489 831 2567 nobis
856 2487 1046 2568 excitetur
1076 2487 1311 2570 turbulento
1350 2491 1484 2594 ignea·

152 2617 241 2671 rum
270 2595 542 2693 particularum
571 2601 677 2669 motu
702 2590 758 2691 (l.
779 2592 885 2690 505.)
913 2589 1076 2668 sufficiet
1101 2589 1148 2668 ad
1177 2593 1336 2692 frigoris
1359 2595 1481 2672 sensa·

149 2695 297 2774 tionem
324 2687 647 2796 producendam,
679 2703 722 2767 ut
742 2693 988 2770 turbulentus
1012 2689 1082 2765 ille
1105 2693 1371 2790 igniculorum
1397 2717 1480 2772 mo·

150 2811 214 2874 tus
239 2797 280 2872 in
308 2797 443 2874 nostro
471 2787 643 2870 sensorio
667 2787 892 2898 minuqturt
936 2790 1010 2868 llic
1036 2811 1131 2868 vero
1159 2793 1363 2892 minuitur,
1388 2817 1476 2872 cum

7 2909 13 2930 ’
152 2895 201 2973 ad
227 2897 400 2998 corporis
427 2895 613 2991 alicujus,
640 2891 844 2988 pauciores
865 2890 965 2988 ignis
988 2888 1190 2989 particulas
1216 2895 1476 2994 continentis,

150 2996 188 3074 dt
225 3021 296 3096 per
327 2999 580 3098 consequens·
598 2992 727 3070 minus
765 2993 994 3073 turbulente
1025 2989 1184 3092 agitati,
1224 2994 1475 3096 contaitum,

150 3097 289 3196 igneus
314 3098 383 3176 ille
405 3111 556 3192 motus,
587 3093 654 3195 qui
681 3089 728 3169 ad
755 3093 986 3198 aequabilem
1014 3089 1072 3172 sui
1100 3091 1348 3176 diffusionem
1377 3095 1480 3177 sem-1

149 3221 222 3298 per
246 3197 373 3280 tendit
407 3203 466 3301 (l.
494 3223 580 3298 359.
607 3203 705 3270 Nam.
724 3198 812 3298 V.)
838 3220 861 3273 c
886 3194 1021 3274 nostro
1050 3215 1218 3295 corpore
1248 3197 1291 3274 in
1317 3201 1474 3279 contin·

148 3315 246 3399 gens
275 3319 417 3400 corpus
439 3309 705 3400 propagatur3
737 3296 780 3373 in
806 3323 888 3398 quo
910 3297 1024 3374 etiam
1050 3295 1207 3397 frigoris
1232 3299 1387 3378 relativi
1416 3327 1476 3379 ra·

147 3401 207 3479 tio
244 3399 443 3482 confistit:
477 3423 555 3498 quo
589 3395 694 3474 enim
721 3397 849 3476 minor
883 3398 940 3476 est
964 3395 1168 3495 ignearum
1196 3399 1474 3499 particularum

148 3501 309 3600 agitatio
339 3493 516 3601 respedu
546 3497 668 3576 nostri
700 3497 910 3600 corporis3
949 3521 997 3574 eo
1030 3500 1182 3598 majoris
1224 3501 1275 3577 sri
1306 3500 1385 3579 oris
1417 3501 1476 3580 est
1549 3509 1554 3515 “

146 3601 380 3702 perceptiot
407 3598 753 3712 quamvisnullum
780 3597 825 3676 fit
850 3623 1012 3700 corpur,
1035 3523 1476 3702 etiamsrigieiiffimum,

173 3701 264 3790 uod,
284 3701 389 3781 omni
414 3701 570 3799 prorsus
593 3719 708 3801 igne,
733 3701 801 3780 seu
828 3714 934 3780 motu
960 3703 1125 3798 partiam
1151 3703 1375 3800 perturbato
1405 3700 1474 3778 de·
1674 3783 1681 3794 x

7 3825 9 3832 ’
146 3731 521 3985 {ituaturigstigitur
551 3799 675 3901 trigas
704 3803 746 3880 in
773 3802 994 3900 privatione
1018 3813 1146 3878 motus
1182 3801 1289 3882 illius
1320 3819 1476 3900 pertur·
1529 3831 1530 3834 ‘

176 3918 226 3984 att
254 3927 361 3984 cont
399 3923 439 3986 tt.
509 3929 512 3934 '
1180 3923 1184 3932 '

167 4051 172 4062 ·
246 4011 277 4108 §-
307 4023 400 4100 sart
439 4001 635 4107 Quoniam
660 4025 760 4082 vero
788 4017 913 4079 motus
936 4001 1004 4078 ille
1029 3999 1196 4102 partium
1223 4003 1476 4084 turbulentus

147 4129 311 4206 corpora
336 4105 466 4184 omnia
492 4105 673 4204 expandit
706 4108 767 4204 (l.
783 4107 905 4203 ι1ς8.)
941 4102 1061 4202 igitur
1086 4099 1244 4184 desestu
1266 4105 1382 4204 hujus
1408 4127 1472 4182 ex·

145 4205 292 4312 panfivi
315 4221 438 4287 mottu
464 4229 627 4307 corpora
659 4202 1012 4388 constginguntur,
1043 4221 1085 4288 ut
1109 4205 1266 4310 frigoris
1289 4205 1471 4311 proprie·

232 4353 238 4366 ·
811 4329 884 4387 ull
1369 4323 1425 4388 tas
