3878 4958
445 534 496 618 92
970 507 1185 585 Sacrronns
1206 505 1241 588 1.

403 717 550 806 queex
579 691 670 776 Cin
702 691 763 793 K,
792 687 885 794 quia
910 689 1079 806 impetus
1101 693 1340 794 compositus
1368 693 1734 798 OLutiqueminor

403 803 458 880 est
473 818 648 901 utroque
659 799 928 899 concurrente
947 809 1099 894 impetu
1118 797 1191 876 CD
1203 797 1240 874 dr
1260 799 1400 882 DL:
1420 801 1513 897 CK,
1540 801 1599 878 uti
1618 799 1734 878 etiam

403 916 535 984 motus
554 904 626 982 CL
640 897 770 976 minor
789 895 843 976 est
857 907 1032 1000 utroque
1044 909 1156 974 motu
1175 899 1249 978 el)
1267 898 1304 976 δι
1321 899 1420 1000 DL,
1449 921 1566 1000 quem
1585 922 1732 1000 corpus

403 1003 552 1106 duplici
579 1026 669 1082 cum
698 997 848 1100 impetu
876 997 1028 1078 interea
1055 998 1245 1098 temporis
1277 1001 1507 1103 peregillet,
1550 1025 1631 1106 quo
1663 1027 1735 1107 per

401 1107 643 1208 diagonalem
654 1104 720 1182 CL
745 1101 924 1182 decurrit
943 1131 953 1180 a
970 1101 1091 1204 igitur
1106 1099 1253 1204 aliquid
1264 1123 1314 1178 ex
1329 1103 1397 1179 illo
1412 1103 1734 1202 impetu&motu

401 1201 1153 1309 CD-l-DLperiiffecenseridebet,fic
1181 1225 1235 1282 ue
1250 1201 1345 1280 novi
1360 1203 1731 1289 exorienturmotus

402 1310 638 1391 &desinent
665 1231 1731 1408 ItacontingetinErespeauparallelogrammiEFGH.

496 1418 535 1510 §.
551 1433 617 1509 qo.
659 1405 784 1512 Quid,
814 1407 924 1512 quod
948 1407 1052 1509 saepe
1078 1408 1297 1486 contrarios
1327 1423 1459 1487 motus
1481 1409 1638 1511 prorsus
1664 1411 1734 1492 dea

401 1517 494 1595 strui
521 1509 775 1590 intueamur?
810 1508 953 1590 inferat
981 1505 1177 1611 quispiam·
1200 1525 1354 1610 portae,
1381 1511 1523 1591 claulae
1547 1511 1730 1614 quidem,

330 1678 335 1707 ,
401 1616 469 1697 sed
494 1615 574 1696 sme
600 1611 713 1692 vecte
736 1609 939 1714 imposito,
973 1624 1115 1689 tantam
1141 1609 1222 1689 vim
1247 1608 1492 1714 forinsecus,
1516 1639 1594 1716 qua
1619 1631 1733 1714 porta

401 1721 465 1799 illa
483 1713 610 1800 subito
625 1713 865 1816 patesceret,
882 1711 1169 1817 ingressumque
1185 1713 1412 1811 praebereta
1435 1715 1463 1792 sa
1490 1735 1618 1794 tamen
1637 1717 1736 1795 alter

403 1821 544 1926 aliquis
560 1818 661 1897 intra
676 1817 800 1915 lares,
827 1817 973 1918 aequali
992 1835 1082 1894 cum
1102 1813 1370 1910 vehementia,
1400 1814 1532 1894 afforis
1552 1839 1736 1915 premens

402 1923 433 2002 ti
450 1925 681 2018 obnitatur,
703 1933 816 2019 porta
832 1918 927 1999 nibil
952 1914 1167 2020 quidquam
1184 1915 1434 2016 movebitur,
1457 1917 1524 1996 sed
1542 1919 1651 1998 velut
1665 1919 1736 1997 im-

404 2021 723 2125 motapersastet,
751 2043 800 2099 eo
823 2019 935 2124 quod
952 2019 1050 2098 visa
1071 2032 1276 2120 premente
1301 2033 1440 2098 extero
1459 2018 1559 2100 illata
1574 2021 1733 2101 alterius

404 2123 617 2207 obnitentis
642 2122 792 2222 impetu
817 2122 1058 2234 destruatur..
1118 2123 1224 2224 Quae
1247 2117 1335 2194 sane
1364 2117 1606 2224 hypothesim
1633 2123 1734 2203 illam

405 2225 663 2311 Cartesranam
683 2223 757 2304 elic
776 2247 921 2323 purum
938 2248 959 2302 a
974 2237 1141 2300 veritate
1165 2217 1354 2299 abludens
1381 2235 1648 2304 commentum
1673 2223 1737 2305 de·

406 2331 632 2412 monstrant.

511 2431 544 2528 l.
564 2451 626 2532 91.
654 2425 843 2510 Industus
862 2425 918 2506 est
936 2423 1127 2508 Cartesrus
1151 2425 1253 2506 suam
1269 2421 1310 2499 in
1330 2423 1558 2524 opinionem
1582 2428 1659 2506 hoc
1678 2451 1736 2506 ar-

411 2547 628 2637 gumento:
665 2529 804 2631 quod,
833 2553 925 2612 cum
951 2531 1065 2607 Deus
1090 2527 1256 2606 eandem
1279 2526 1457 2604 materiae
1483 2527 1738 2628 quantitatem

410 2634 634 2714 constanter
649 2633 881 2733 conservet,
901 2643 1071 2742 nequeat
1096 2645 1250 2744 motus,
1279 2625 1334 2704 illi
1352 2625 1528 2704 materiae
1547 2629 1664 2709 semel
1680 2630 1739 2714 in-

411 2735 543 2837 ditus,
564 2731 727 2834 variari,
751 2733 819 2814 nifi
837 2731 1068 2815 mutabilitas
1087 2731 1149 2808 illa
1169 2727 1210 2808 in
1233 2729 1356 2826 rpsum
1375 2731 1508 2809 Deum
1526 2729 1740 2834 redundet,

408 2837 627 2939 praesertim
644 2859 734 2914 cum
753 2835 878 2916 indies
896 2833 1169 2934 experiamur,
1190 2841 1338 2910 tantum
1357 2847 1488 2911 motus
1509 2835 1743 2934 impellenti·

412 2947 485 3020 bus
511 2939 614 3021 demi
634 2939 891 3042 corporibuS,
919 2948 1108 3042 quantum
1128 2933 1289 3034 impulsa
1299 2955 1469 3030 corpora
1483 2951 1740 3036 receperunt.

414 3043 491 3120 Sed
509 3041 690 3143 nunquid
709 3039 824 3120 etiam
851 3065 991 3139 exeo,
1017 3035 1125 3138 quod
1149 3059 1363 3132 corporum
1382 3032 1409 3111 fi
1467 3059 1549 3126 rm,
1568 3039 1742 3138 colores,

414 3143 588 3240 sapores,
607 3157 857 3243 caeteraeque
878 3140 1082 3254 qualitates
1102 3135 1291 3213 continua
1305 3135 1383 3212 vici
1418 3133 1568 3218 rtudine
1591 3139 1744 3218 varien-

413 3259 497 3339 tur,
515 3242 629 3320 Dcus
650 3263 813 3341 quoque
829 3241 971 3338 Oprfex
989 3239 1153 3339 aliquam
1173 3235 1433 3314 mutabilitatis
1453 3241 1578 3318 trahet
1593 3240 1743 3318 labeml

323 3411 332 3424 .
417 3348 532 3448 cuius
551 3339 746 3421 liberrima
762 3343 815 3421 est
832 3365 923 3421 cum
942 3337 1131 3419 creaturis
1148 3335 1380 3435 disponendi
1393 3339 1507 3420 ratio.
1560 3339 1744 3421 Profecto

419 3447 596 3552 duplices
613 3445 693 3524 illae
712 3446 816 3524 vires
837 3473 845 3523 :
872 3448 977 3522 ablron
1003 3463 1148 3540 nempe
1173 3461 1293 3536 nurus,
1318 3439 1356 3518 δι
1372 3445 1493 3548 pafflaa
1510 3443 1576 3524 seu
1592 3449 1746 3546 rqlllcmla

419 3575 501 3633 non
516 3551 604 3629 lunt
628 3547 808 3625 srustraa
830 3548 924 3625 Deo
951 3547 1142 3656 Creatore
1165 3539 1399 3656 corporibus
1423 3543 1563 3625 inditae
1586 3574 1598 3647 3
1625 3545 1746 3646 igitur

416 3677 512 3734 cum
537 3663 673 3730 mutua
687 3648 730 3730 lit
754 3652 890 3728 harum
907 3647 948 3724 in
974 3645 1204 3726 seinvicem
1222 3665 1307 3741 vas,
1342 3669 1422 3724 non
1447 3645 1606 3728 videtur
1632 3649 1745 3728 Deus

419 3753 589 3837 eundem
605 3766 801 3854 perpetuo
812 3763 961 3827 motum
978 3751 1016 3826 in
1033 3767 1166 3823 rerum
1183 3759 1320 3861 natura
1334 3743 1552 3848 perdurare
1566 3745 1746 3828 voluilie.

522 3857 555 3952 l.
572 3879 636 3960 92.
667 3863 875 3932 Molestum
894 3851 1088 3948 efficitur,
1113 3869 1204 3925 cum
1228 3871 1287 3926 vas
1342 3849 1511 3950 uaepiam
1533 3875 1650 3954 agens
1666 3849 1747 3930 vim

420 4057 564 4142 affloni
583 4057 744 4160 aequalis
764 4055 1262 4159 reablio(q.1oblegelll.)
1282 4051 1357 4150 ita,
1379 4068 1424 4132 ut
1441 4055 1469 4133 sa
1488 4079 1507 4130 a
1548 4053 1587 4132 io
1606 4075 1748 4156 corpo·

421 4163 477 4241 ris
495 4165 535 4240 X
551 4161 674 4258 major
690 4160 752 4260 sit,
769 4183 884 4274 quam
899 4153 1046 4236 teritio
1062 4153 1242 4252 corporis
1259 4155 1318 4253 Z,
1339 4154 1380 4236 in
1397 4155 1549 4234 actione
1566 4155 1747 4257 corporis

423 4269 462 4346 X
486 4259 632 4370 aliquid
654 4261 825 4367 reperiri
853 4261 1016 4361 debeat,
1042 4254 1110 4341 cui
1135 4253 1283 4336 reattio
1311 4259 1414 4336 nulla
1440 4272 1693 4362 opponatur3
1719 4257 1748 4338 li

1610 4385 1697 4442 rur-

420 3954 659 4038 resistentem
683 3953 863 4055 corporis
893 3949 1073 4051 patientis
1100 3952 1267 4048 superat.
1363 3951 1393 4028 st
1426 3951 1573 4132 quipgc
1597 3953 1748 4056 cuique
