3900 4956
80 2673 89 2688 .
203 2606 298 2686 vina
317 2607 444 2688 tamin

529 489 767 570 Prnrrcrro
784 483 860 563 VI.
886 481 954 564 Du
973 483 1135 566 Vacuo.
1158 567 1161 574 ,
1466 501 1515 590 71·

220 687 385 791 expitnii
407 675 624 858 ὶοῳιίικεὶι
650 679 802 770 intonts3
825 670 990 753 videtur
1020 671 1170 774 quippe
1194 667 1406 766 clarissimis
1432 673 1551 778 viris,

219 785 328 890 quod
348 703 448 864 admi
479 805 503 856 o
522 805 618 857 vacuo
634 773 827 856 deberent
839 797 1005 879 quoque
1020 773 1172 854 admitti
1181 775 1388 878 particulae
1405 799 1549 878 corpo-

215 911 302 970 reae
318 889 359 966 in
375 881 589 980 universo,
618 901 711 982 quae
736 877 787 956 ob
812 874 1099 978 exigentiamfi
1156 879 1311 958 raesuae
1336 902 1452 958 omne
1468 881 1548 980 spa·

214 991 312 1070 tium
330 991 398 1068 seu
423 982 670 1065 interstitium
698 981 901 1079 complere
925 1003 1007 1057 non
1032 1001 1084 1082 po
1117 993 1186 1058 int.
1238 985 1460 1062 nommant
1483 1003 1547 1059 au·

214 1111 296 1172 tem
320 1090 400 1168 sine
415 1083 623 1167 sufficienti
642 1079 794 1162 ratione
810 1083 903 1160 tales
927 1079 1072 1183 figuras
1102 1081 1339 1182 corporibus
1367 1081 1542 1184 attribui,

213 1211 309 1296 quae
328 1211 446 1270 omne
464 1185 622 1290 spatium
640 1181 723 1266 ¹iioii
742 1181 893 1284 pollent
910 1181 1119 1262 commode
1141 1185 1315 1282 explere.
1367 1189 1522 1264 Verum

209 1291 396 1396 nunquid
418 1289 532 1370 etiam
556 1289 704 1369 Divina
724 1281 919 1382 perfettio
944 1287 1068 1368 multo
1095 1287 1213 1388 magis
1241 1283 1479 1387 emicuisset,
1515 1239 1545 1364 li

211 1391 340 1475 adhuc
356 1395 477 1472 multo
497 1393 629 1494 plures
654 1385 994 1492 persebtioresque
1015 1399 1241 1492 creaturas,
1271 1385 1381 1488 quod
1398 1387 1545 1490 utique

208 1509 391 1597 poterat,
417 1497 498 1575 hoc¹
511 1493 553 1574 in
573 1489 760 1572 universo
776 1484 988 1588 posuisset?
1022 1486 1119 1567 secit
1167 1489 1276 1592 quod
1295 1489 1421 1572 voluit
1442 1517 1451 1570 r
1473 1513 1542 1570 ne·

208 1619 290 1698 que
301 1597 371 1676 alia
387 1596 487 1676 ratio
506 1588 813 1698 affignaripotest
830 1605 1096 1671 creaturarum
1115 1543 1191 1670 liris
1210 1591 1541 1696 quibusquepro-

207 1699 437 1795 prietatibus
454 1694 742 1792 instruuarum,
763 1713 879 1795 quam
901 1691 1186 1772 liberrimaDei
1201 1695 1383 1774 voluntas
1392 1723 1477 1779 num.
1489 1702 1535 1772 ll.

205 1806 371 1906 erilegim.
423 1803 534 1878 Hanc
547 1797 733 1878 Divinam
749 1794 1014 1894 voluntatem,
1033 1795 1223 1896 legesque
1241 1810 1471 1874 naturarum
1491 1795 1537 1873 ab

109 1968 115 1982 .
205 1923 253 1981 ea
280 1901 463 2000 praelixas
492 1923 543 1978 ex
569 1893 840 2004 phaenomenis
867 1895 1115 1998 colligimus:
1152 1899 1239 1976 haec
1264 1895 1378 1973 nobis
1404 1925 1539 1975 vacuum

204 2001 367 2084 suadent
386 1999 618 2084 admittere:
644 1998 703 2078 bis
720 1995 899 2095 meliori,
928 2019 1004 2098 qua
1023 1995 1160 2098 licuit,
1193 1995 1380 2077 industria
1399 1997 1537 2078 exami-

203 2103 304 2184 natis
336 2101 575 2208 probabilius
601 2101 725 2180 multo
751 2097 922 2177 insistere
949 2096 1122 2215 quisque
1139 2097 1288 2204 potest,
1317 2123 1431 2205 quam
1455 2101 1539 2182 effi·

205 2206 277 2286 ttis
293 2205 570 2310 hypothesibus
594 2209 743 2282 incerta
758 2201 954 2304 systemata
971 2200 1152 2281 stabilire.

307 2309 339 2406 s.
366 2325 427 2404 57.
454 2306 534 2384 Etsi
564 2319 689 2384 autem
711 2301 874 2402 spatium
900 2324 1066 2384 vacuum
1093 2303 1175 2383 dari
1200 2299 1454 2407 admittitur,
1489 2325 1538 2383 an

205 2429 285 2486 non
305 2428 424 2508 aeque
445 2405 486 2484 in
505 2405 667 2504 spatium
682 2401 777 2483 illud
795 2403 871 2504 agit
896 2404 1036 2504 Deus,
1064 2430 1109 2484 ac
1129 2403 1170 2485 in
1185 2405 1256 2484 alia
1280 2411 1470 2510 corpora?
1487 2429 1537 2484 an

204 2531 287 2584 non
306 2506 400 2584 illud
422 2528 541 2688 aepue
562 2509 766 2587 conservat
786 2503 861 2605 sic,
888 2517 934 2581 ut
952 2506 1180 2586 &Potentia
1196 2508 1234 2587 dt
1254 2507 1448 2604 Sapientia
1462 2506 1537 2588 Di·

475 2609 586 2710 patiis
606 2608 757 2704 vacuis,
778 2631 893 2708 quern
912 2609 1148 2706 corporibus
1165 2607 1335 2688 mirifice
1355 2613 1536 2690 eluceat?

202 2709 231 2787 si
253 2723 405 2789 certum
424 2709 503 2808 est,
532 2711 641 2814 quod
660 2707 846 2790 sensibilia
870 2709 1015 2806 majora
1038 2734 1231 2811 corpora,
1258 2733 1304 2788 ee
1322 2712 1394 2791 sint
1409 2709 1537 2812 figura

202 2809 422 2910 &partium
441 2809 689 2909 dispositione
703 2810 896 2909 praedita,
925 2823 971 2886 ut
988 2811 1199 2909 conjunsla
1215 2813 1325 2888 simul
1343 2833 1460 2890 omne
1477 2809 1536 2894 in·

198 2911 406 2991 terllitium
434 2929 632 3014 nequeant
656 2910 877 2988 examuffim
906 2910 1131 3012 praepedire
1156 2941 1166 2989 r
1201 2932 1325 2990 eccur
1350 2915 1428 2991 hoc
1452 2935 1535 2994 non

199 3013 448 3092 admittemus
469 3011 515 3091 in
537 3009 779 3114 corpusculis
799 3007 1001 3112 minimis,
1035 3013 1186 3092 sensum
1211 3011 1532 3118 subterfugienti-

198 3118 272 3194 bus
293 3141 305 3213 3
362 3113 484 3214 Quod
508 3127 639 3194 tamen
664 3112 715 3189 ob
737 3109 946 3213 analogiam
971 3113 1283 3194 intercedentem
1305 3115 1409 3196 bene
1431 3115 1530 3194 infe-

198 3217 365 3296 rendum
382 3216 488 3294 foret
505 3227 601 3295 Num.
623 3220 710 3291 Vlll.
726 3221 890 3318 prolegom.
939 3219 998 3294 At
1017 3239 1141 3316 vero,
1164 3215 1273 3317 quod
1289 3217 1447 3298 minima
1463 3214 1527 3296 illa

160 3400 164 3409 ,
198 3319 429 3412 corpuscula
445 3315 525 3395 sine
547 3315 869 3428 lnterjacentibus
895 3315 1020 3414 spatiis
1046 3315 1116 3394 sibi
1133 3335 1314 3398 accurate
1339 3319 1529 3423 conjungi

198 3417 413 3518 deberent,
440 3419 517 3495 hoc
534 3419 643 3496 nullo
665 3416 778 3494 nobis
797 3417 1069 3518 experimento
1088 3423 1381 3521 comprobatur.
1739 3485 1746 3498 .

297 3521 329 3608 l.
353 3533 412 3614 58.
438 3522 557 3597 Nunc
577 3517 731 3595 demum
751 3519 1007 3620 praejudicata
1025 3521 1373 3620 Peripateticorum
1392 3519 1527 3616 opinio
1545 3517 1670 3594 Horror

193 3609 409 3720 rejicienda
427 3619 505 3716 est,
562 3640 628 3696 uae
643 3633 795 3699 naturae
817 3621 1051 3721 horrorem,
1069 3623 1139 3702 seu
1160 3625 1289 3726 sugam
1308 3635 1401 3699 uacui·
1418 3620 1528 3721 adju-
1551 3619 1664 3694 Vacat.

186 3721 321 3818 dicat,
349 3738 468 3825 atque
486 3720 532 3798 ab
578 3741 627 3798 oc
642 3717 758 3797 vacui
776 3721 943 3802 horrore
954 3721 1253 3823 explicationem
1265 3723 1526 3822 plurimorum

191 3823 423 3905 mirabilium
444 3819 656 3901 effeuuum
676 3845 879 3923 perperam
897 3823 1077 3907 desumit.
1131 3825 1231 3930 Quis
1250 3825 1353 3906 enim
1373 3851 1453 3908 non
1465 3824 1525 3906 in·

191 3927 353 4028 telligit,
377 3923 536 4025 prorsus
555 3919 628 3998 elle
647 3919 968 4027 inconveniens,
994 3929 1112 4006 rebus
1134 3927 1302 4013 sensu&
1329 3954 1378 4008 co
1434 3926 1524 4008 itio-

190 4053 242 4106 ne
262 4028 510 4127 carentibus,
536 4023 662 4103 veluti
678 4027 877 4106 mercurio
896 4023 1050 4108 intubo
1067 4031 1360 4131 torricelliano,
1409 4054 1521 4108 orro-

191 4151 273 4204 reni
290 4131 327 4208 &
347 4127 502 4229 sugam,
532 4149 704 4204 amorem
723 4141 789 4206 aut
809 4127 1122 4210 odiumalterius
1138 4131 1277 4218 indere
1297 4139 1310 4214 i
1343 4135 1436 4214 Non
1451 4156 1521 4234 po-

183 4229 262 4308 'test
277 4227 382 4309 reus
401 4227 694 4334 philosophandi
713 4227 812 4309 ratio
831 4255 921 4336 non
935 4230 1108 4334 turbari,
1125 4257 1216 4318 cum
1234 4236 1276 4323 in
1295 4257 1359 4315 res
1376 4257 1520 4334 corpo·
