3782 4958
356 491 645 596 Pnsbacrro
671 455 718 572 X
751 491 823 571 Dr
852 494 1143 576 Curemus.
1346 515 1425 600 aar

6 681 7 748 Γ
139 701 228 758 curn
244 675 687 775 primum'emanarunt,
713 672 806 752 hinc
827 673 1034 756 Mariottus
1049 677 1202 756 illarum
1221 694 1283 758 ant
1302 678 1473 782 ignarus,
1584 733 1586 744 ,

6 801 8 838 ³
141 795 210 858 aut·
220 777 393 860 incurius
406 777 607 856 fallentem
625 773 900 874 experimentis
916 801 1074 875 operam
1103 779 1304 878 impendit.

6 879 8 916 ³
237 877 305 958 Ad
322 883 373 958 Il.
400 877 629 984 Hypbthesrs
656 876 724 955 illa
740 876 932 958 stabilitur
951 901 1001 956 ex
1020 902 1092 976 eo,
1116 881 1225 978 quod
1251 881 1291 960 in
1319 884 1474 963 colores

139 991 295 1081 prorsus
312 979 563 1060 invariabiles
576 980 644 1058 lux
660 1003 732 1078 per
749 979 888 1075 prisma
905 979 1017 1078 pollit
1036 979 1196 1078 dispesci
1214 1007 1227 1082 3
1255 1007 1388 1084 neque
1407 1009 1474 1065 coe

139 1085 247 1162 lares
269 1081 328 1158 illi
353 1083 456 1160 bene
486 1079 715 1162 dicerentur
738 1080 808 1158 lux
832 1079 1076 1182 modificata,
1102 1107 1188 1162 cum
1216 1110 1296 1164 non
1325 1084 1470 1185 depen-

6 1181 8 1256 ἶ
140 1186 258 1264 deant
274 1209 294 1260 a
310 1180 625 1280 modificatione,
652 1181 720 1259 sed
737 1181 865 1280 suapte
881 1195 1018 1262 natura
1036 1187 1246 1286 comparati
1264 1187 1358 1290 fint,
1386 1211 1469 1268 cer-

139 1285 169 1364 ti
190 1283 403 1386 cujuspiam
420 1282 564 1364 coloris
583 1283 734 1362 sensum
751 1281 793 1358 in
822 1283 946 1364 oculis
961 1283 1119 1364 elicere.

240 1383 307 1465 Ad
321 1390 392 1464 Ill.
419 1384 457 1462 Si
471 1401 599 1462 tamen
619 1383 789 1463 historiis
814 1384 1053 1485 ejuscemodi
1084 1385 1207 1464 fidem
1230 1388 1316 1492 quis
1340 1404 1470 1478 extor-

6 1479 8 1486 ’
139 1501 274 1590 queat,
301 1484 510 1566 dicendum
538 1486 594 1564 est
622 1514 631 1562 :
660 1508 814 1564 coecum
843 1485 954 1568 illum
987 1485 1251 1568 delicatissimo
1281 1489 1384 1574 tatto
1411 1493 1471 1571 in-

7 1583 8 1586 ‘
138 1585 348 1690 struslum,
375 1587 565 1665 diversam
591 1585 814 1667 scabriciem
834 1589 873 1668 in
902 1589 1128 1688 corporibus
1147 1590 1470 1696 animadvertisse,

138 1687 317 1790 indeque
335 1691 381 1768 ab
399 1687 482 1767 aliis
498 1685 700 1784 edestam,
726 1691 852 1788 qualis
867 1691 924 1769 his
942 1691 1064 1770 variae
1080 1690 1276 1770 scabritiei
1294 1697 1468 1794 corpori-

139 1792 212 1870 bus
242 1790 333 1869 infit
350 1792 483 1888 color,
508 1787 771 1889 conjesturam
798 1791 923 1874 tulisse
947 1793 995 1870 de
1013 1793 1295 1894 superficiebus
1325 1795 1471 1876 scabris
1553 1853 1562 1868 .

136 1894 269 1973 varios
284 1893 435 1972 colores
452 1889 734 1990 referentibus,
760 1907 824 1972 aut
850 1891 949 1974 lucis
972 1895 1100 1974 radios
1127 1893 1387 1975 diversrnrode
1406 1925 1466 1978 re·

137 1994 301 2074 neuere
326 1993 547 2095 capacibus,
582 2015 663 2070 nan
686 1993 738 2072 de
764 1992 855 2094 ipfis
877 1995 1076 2076 coloribus
1102 1997 1466 2098 :quemadmodum

137 2117 214 2175 nec
233 2095 329 2172 alter
347 2118 475 2176 coecus
493 2091 595 2195 apud
612 2112 785 2192 saumana
807 2097 958 2175 colores
986 2095 1155 2176 odoratu
1174 2099 1372 2200 percepit,
1399 2101 1469 2180 sed

139 2195 294 2276 diversa
310 2193 457 2296 lixivia,
472 2212 535 2275 aut
550 2191 752 2297 tinsturas,
768 2195 907 2300 quibus
922 2200 1076 2280 colores
1093 2199 1136 2280 in
1163 2222 1327 2300 corpora
1352 2202 1470 2282 lullo-

6 2399 7 2402 Ν
136 2319 234 2378 num
251 2313 331 2375 arte
347 2296 590 2378 inducuntur

237 2399 362 2478 Multa
377 2411 568 2496 praeterea
582 2400 690 2495 sunt,
717 2419 841 2501 eaque
862 2400 1084 2483 Theoninis
1108 2401 1295 2488 dentibus
1314 2423 1468 2512 arrnata,

140 2521 241 2603 quae
255 2500 461 2578 noviffime
486 2501 671 2580 Gautierin
695 2499 762 2580 sua
781 2507 1022 2606 Chroagenest‘a3
1053 2503 1147 2584 item
1184 2507 1225 2586 in
1257 2513 1468 2612 Bibliothcqua

136 2603 310 2714 Rofimaa‘e
335 2613 428 2680 tom.
462 2603 586 2684 XLV.
620 2619 758 2682 contra
788 2605 959 2684 Neutoni
982 2606 1145 2711 systema
1169 2610 1332 2710 objicitq
1373 2611 1472 2690 dicit·

137 2724 307 2804 quippe,
334 2702 451 2780 multa
477 2701 517 2778 se
534 2702 731 2783 beneficio
754 2703 943 2804 prismatis
969 2708 1028 2786 sui
1052 2709 1294 2790 lenticularis
1311 2711 1384 2788 esse
1402 2737 1482 2788 exa·

138 2817 315 2904 pertum,
340 2825 435 2903 quae
454 2802 558 2884 illius
582 2804 771 2882 theoriam
793 2809 1038 2908 convellant,
1065 2831 1195 2910 neque
1217 2809 1343 2888 radios
1369 2813 1469 2891 lucis

136 2903 285 2984 variam
302 2905 343 2981 in
362 2903 401 2979 se
418 2904 778 3005 resrangi'oilitatem
794 2905 1023 3004 complesli,
1047 2932 1179 3008 neque
1196 2937 1217 2988 a
1235 2911 1274 2986 se
1292 2911 1464 2992 invicem

139 3004 215 3083 elle
235 3003 489 3106 separabiles,
513 3003 708 3110 quidquid
735 3004 1041 3106 separationis&
1069 3007 1212 3088 dirersr
1236 3015 1379 3094 coloris
1402 3042 1467 3114 ap*

139 3105 268 3208 paret,
292 3101 333 3182 id
348 3121 471 3185 totum
489 3135 510 3185 a
527 3111 617 3190 luce
637 3106 820 3208 simplici,
848 3107 1109 3190 diversrmode
1135 3112 1313 3193 umbram
1333 3117 1467 3196 incur·

138 3221 252 3285 rente
276 3205 502 3304 proficisci3
547 3211 687 3314 quibus
709 3226 837 3290 tamen
870 3222 1007 3288 Gaurana
1041 3215 1281 3311 argumentis
1301 3229 1382 3296 tum
1411 3219 1468 3297 as·-

138 3307 272 3488 squiri
289 3305 470 3408 dabitur,
493 3337 580 3392 cum
604 3324 829 3412 argumenta
854 3311 918 3392 sua
944 3314 1205 3398 Neutonianis
1225 3316 1376 3400 suerint
1400 3345 1466 3398 va-

136 3410 169 3491 li
200 3409 293 3492 iora.
1390 3454 1401 3473 ·

386 3599 648 3708 Experimento
667 3598 953 3709 &semustam
973 3599 1206 3710 illustrantia.

138 3729 263 3829 §.476
334 3729 541 3808 Xaminare
558 3729 727 3826 cupienti
744 3729 987 3812 diversorum
1011 3735 1213 3836 colorum,
1233 3751 1314 3814 tum
1336 3729 1376 3811 in
1396 3731 1467 3816 du·
1500 3749 1631 3828 Aridum

358 3827 424 3920 ris
441 3829 580 3910 tamin
600 3829 757 3933 liquidis
772 3835 1001 3932 corporibus
1016 3835 1258 3925 mutationes,
1275 3835 1516 3922 utilesue-b'
1525 3857 1631 3932 alcala.

138 3931 193 4008 rit
207 3927 404 4028 paulisper
421 3929 696 4036 Chymicorum
714 3933 964 4034 frequentare
982 3933 1179 4040 officinas,
1197 3935 1374 4038 inibique
1385 3935 1464 4021 duo

140 4030 211 4108 srbi
238 4033 404 4109 maxime
427 4029 670 4113 adversantia
692 4036 817 4133 probe
838 4034 1118 4132 confidenre,
1144 4059 1285 4140 nempe
1306 4038 1478 4122 acidum·

139 4132 178 4209 dc
194 4131 315 4210 alcali.
365 4137 477 4212 Inter
496 4131 604 4212 acida
627 4150 879 4215 nannerantor
905 4138 1058 4238 spiritus
1082 4135 1119 4218 da
1145 4141 1272 4219 oleum
1288 4139 1464 4243 vitrioli,

137 4233 196 4311 oti
222 4233 375 4338 &aqua
396 4235 514 4318 sortis
535 4264 550 4315 a
573 4235 676 4321 inter
700 4239 811 4420 alcialg
835 4263 934 4322 vero
955 4241 1087 4325 bletun
1110 4242 1245 4322 tartari
1267 4265 1342 4356 per
1364 4241 1462 4324 deli-

687 4345 729 4422 ,Η
839 4369 861 4422 a
1256 4367 1413 4447 qurum:
