3878 4958
274 499 560 580 Pauarcrro
577 495 687 578 XIII.
709 491 781 575 Dr.
800 493 1066 574 eomomu
1090 489 1296 576 Guavrr·
1395 507 1471 606 155

182 681 410 790 aerjtridistt'tt·
435 677 611 760 “cratim
632 679 883 784 gravitatis'est'
902 691 1053 787 paertttunt
1075 675 1156 756 rtid
1174 677 1311 776 eir'ports
1336 691 1519 784 Internum,

159 782 234 897 “per
255 791 342 896 quod
364 801 398 864 tn
420 785 502 864 duis
522 808 620 878 aanor
651 778 826 888 dispescitur
852 811 875 858 α
899 786 1141 886 utponderantrs.
1210 783 1260 860 ln
1285 783 1519 885 corporibus

170 888 401 990 sphaericis,
427 882 600 988 ejusdem
616 881 762 986 ubique
781 813 977 962 dealitatis
1004 877 1193 962 coincidit
1217 905 1360 998 fernam
1371 897 1517 1004 gravita-

178 991 273 1070 tts'&
290 989 431 1070 centrrim
452 991 699 1094 nragnitrrdt'm'sa
721 985 783 1064 est
833 985 953 1086 uippe
980 983 1187 1087 utrt'tmque
1214 1007 1257 1078 In
1281 983 1414 1067 medlo
1431 1009 1518 1067 cor·

177 1115 306 1207 pore,
334 1087 418 1167 atfi
447 1090 596 1190 sphaera
623 1085 668 1166 fit
695 1012 863 1166 diveriae
892 1081 1126 1186 densitatis,
1162 1085 1337 1166 manebit
1357 1085 1517 1192 quidem

169 1189 286 1288 adem
305 1205 483 1271 centrum
499 1185 797 1290 magnitudinis,
823 1187 1037 1270 variabitur
1050 1198 1178 1266 tamen
1195 1201 1371 1267 centrum
1391 1186 1518 1290 gravi·

167 1293 286 1396 tatis,
310 1291 416 1395 quod
434 1293 565 1372 versus
581 1290 686 1370 illam
706 1303 853 1391 partem
873 1285 1075 1388 abscedet,
1100 1289 1170 1370 ubi
1192 1313 1334 1389 corpus
1353 1295 1410 1372 est
1422 1287 1515 1368 den-

178 1393 402 1498 sius-(trgi
415 1396 554 1500 ragal.)
604 1393 671 1475 De
688 1416 791 1470 centro
811 1401 981 1499 gravitatis
1008 1389 1111 1470 infra
1127 1403 1263 1492 agetur
1279 1394 1342 1497 (I.
1361 1396 1479 1499 249.)
1506 1447 1515 1468 .

172 1507 333 1577 'cenarum
346 1525 507 1597 corporum
515 1507 660 1602 gravium
677 1495 733 1574 est
751 1523 908 1572 commune
932 1497 1012 1570 itud
1033 1517 1120 1571 terra
1138 1515 1303 1594 centrum,
1328 1527 1390 1604 quo
1409 1505 1518 1574 cunita

177 1625 306 1701 corpora
322 1611 477 1677 nituntur.
531 1607 617 1696 Jam
635 1619 735 1676 vero
752 1592 856 1675 linea
874 1595 942 1674 illa
960 1591 1088 1689 resta,
1114 1617 1208 1698 quae
1224 1619 1272 1674 ex
1290 1621 1395 1676 centro
1404 1608 1518 1704 gravi·

175 1703 251 1778 tua
270 1696 317 1776 ad
332 1724 471 1778 centrum
491 1725 655 1806 corporum
665 1710 814 1804 gravium
833 1696 923 1778 duci
951 1695 1207 1799 intelligitur,
1234 1711 1347 1800 atque
1368 1722 1416 1776 ex
1434 1721 1515 1780 uno
1548 1755 1558 1770 .

173 1798 319 1906 panno
338 1798 430 1880 coeli
457 1799 602 1880 Zenith
629 1821 703 1898 per
728 1811 907 1878 centrum
926 1813 1047 1878 terrae
1070 1798 1117 1878 ad
1137 1797 1323 1899 punitum
1351 1799 1514 1880 alterum

174 1899 302 1984 Nadir
318 1900 527 2003 pertingit,
555 1899 699 1982 dicitur
716 1907 796 1978 tinea
812 1905 998 1978 dtreetmts.
1049 1908 1147 1981 Haec
1162 1899 1267 1978 linea
1284 1899 1688 1984 direitionisLtnerdt·

175 2006 216 2084 in
237 2003 415 2108 quolibet
434 2016 542 2084 motu
558 2001 803 2104 progteffivo
825 2000 1059 2082 mutatur'ad
1083 2001 1186 2082 aliud
1215 2002 1365 2083 Zenith
1382 1999 1421 2082 da
1439 2007 1681 2088 Nar-neroni.

175 2106 261 2208 dir,
286 2105 341 2184 ita
358 2119 520 2206 tamen,
544 2121 740 2186 uternam
766 2119 934 2211 gravitatis
957 2106 1111 2204 semper
1128 2104 1169 2182 in
1198 2103 1302 2183 linea
1329 2102 1516 2186 direiiio-
1607 2108 1612 2124 '
1647 2153 1651 2162 ·

174 2209 236 2288 nis
253 2219 498 2308 permaneat,
525 2207 614 2286 alias
633 2203 777 2310 quippe
797 2231 936 2306 corpus
952 2221 1167 2291 corrueret.
1219 2207 1283 2286 Sic
1303 2207 1425 2288 casuri
1446 2207 1516 2287 sae-

174 2309 262 2412 pius
278 2333 350 2389 nos
377 2335 399 2388 a
423 2303 530 2405 lapsu
557 2305 801 2390 defendimus
825 2305 1055 2394 reducendo
1082 2306 1129 2390 ad
1163 2306 1305 2392 lineam
1330 2311 1515 2390 dtretttonts.

165 2409 374 2492 sichomo
397 2407 561 2508 supinus
582 2412 706 2490 'acens
724 2435 774 2490 ne
802 2409 859 2492 uit
880 2409 919 2488 se
947 2413 1122 2516 engere,
1149 2409 1221 2491 nist
1250 2409 1514 2516 prIuszpedes,

173 2509 362 2628 aliudque
378 2535 516 2612 corpus
532 2439 590 2592 ad
607 2512 750 2594 lineam
773 2439 1003 2630 dirediionis
1029 2516 1166 2618 exigat.
1218 2513 1281 2594 Sic
1300 2513 1467 2614 lapidem
1488 2539 1512 2594 e

160 2627 280 2696 terra
307 2617 523 2714 tevamms,
550 2629 612 2697 aut
631 2639 704 2715 pro
723 2615 968 2698 humanitatis
986 2617 1118 2700 officio
1141 2618 1254 2696 alteri
1283 2617 1322 2695 se
1350 2616 1514 2697 inclina-

171 2729 298 2818 turus,
324 2712 463 2815 pedem
481 2716 664 2798 nonnihil
683 2719 904 2820 anteponit·
944 2723 1120 2800 Montem
1137 2717 1432 2818 conscendens,
1452 2733 1516 2800 aut

174 2843 274 2900 onus
289 2817 332 2898 in
352 2815 469 2898 dorso
486 2819 643 2920 serens,
669 2819 887 2900 antrorsum
908 2847 918 2896 t
960 2818 1203 2900 descendens
1223 2843 1321 2898 vero
1341 2843 1363 2900 e
1381 2834 1514 2908 monte

173 2935 239 3002 aut
267 2917 404 3024 pingui
433 2919 642 3001 abdomine
675 2920 834 3000 onustus
860 2921 1072 3002 retrorsum
1100 2921 1324 3001 inclinatur.
1393 2925 1514 3002 Bruta

174 3023 353 3125 profesto
376 3021 542 3122 naturali
568 3021 662 3102 huic
687 3019 949 3100 mechanismo
974 3021 1160 3124 ingenitis
1186 3019 1513 3124 propensionibus

172 3125 463 3228 obsequuntur,
480 3121 575 3207 dum
589 3121 739 3228 quadro
770 3119 857 3202 edia
882 3121 1020 3206 dextro
1038 3125 1184 3228 altero,
1211 3123 1334 3205 altero
1355 3123 1513 3208 finistro

171 3225 273 3330 pede
295 3225 406 3308 simul
430 3226 566 3308 innixa
593 3149 937 3344 progrediuntur,
963 3239 1004 3306 ut
1035 3253 1176 3331 nempe
1200 3226 1395 3331 gravitatis
1417 3251 1514 3316 ¹cen-

159 3345 278 3412 trum
296 3329 339 3408 in
357 3329 461 3408 linea
478 3329 709 3411 dirodionrs
721 3327 883 3430 positum
910 3329 1165 3416 conservetur
1181 3359 1193 3435 3
1230 3329 1385 3432 bipedia
1410 3354 1509 3410 vero

173 3431 296 3513 curtis
312 3427 477 3532 pedibus
499 3431 689 3514 instruiia
712 3429 835 3511 veluti
864 3447 993 3512 anates
1018 3431 1270 3535 procedendo
1297 3431 1338 3512 se
1364 3433 1441 3531 jam
1467 3432 1509 3509 in

173 3533 370 3633 dextram,
394 3535 470 3636 jam
496 3533 687 3615 finistram
715 3546 908 3632 perpetuo
943 3533 1112 3636 agitant:
1140 3555 1269 3640 neque
1285 3529 1433 3644 homini
1455 3531 1511 3608 se·-

173 3661 239 3720 cus
256 3635 436 3718 eveniret
450 3635 683 3742 ambulanti,
709 3631 781 3718 nisi
802 3631 973 3718 modetia
991 3637 1204 3738 succuffio,
1227 3657 1318 3738 quae
1336 3659 1357 3711 a
1374 3629 1510 3732 digitis

82 3790 88 3798 -
154 3737 330 3820 ,levandi
350 3737 462 3842 pedis
478 3737 545 3842 fit,
569 3735 685 3856 ipsius
708 3735 824 3818 futen
843 3735 977 3818 officio
998 3741 1238 3840 fungeretur.
1261 3734 1395 3814 “Hinc
1415 3757 1532 3836 quo·

170 3865 250 3947 que
266 3839 434 3943 petenda
454 3841 512 3922 est
533 3855 659 3922 ratio:
687 3860 807 3920 eccur
828 3839 1010 3940 quaedam
1041 3865 1208 3941 corpora
1235 3835 1320 3916 satis
1344 3835 1517 3939 oblique,

171 3945 387 4047 collocata,
413 3969 495 4024 non
515 3953 727 4039 corruant,
751 3941 879 4022 veluti
917 3951 1027 4022 Tanis
1051 3947 1271 4043 Bononienfis3
1307 3936 1506 4046 Quamdiu

172 4046 277 4124 enim
297 4047 400 4126 linea
420 4043 652 4127 direiiionis
670 4047 776 4122 ABC
794 4042 913 4121 batim
939 4047 976 4122 N
1000 4043 1215 4148 contingit,
1243 4056 1507 4159 centrumque
1524 4043 1680 4129 narrt.

171 4149 418 4252 gravitatisB
444 4148 546 4227 intra
562 4147 660 4226 basis
684 4143 870 4226 ambitum
899 4141 1138 4249 sustinetur,
1172 4141 1313 4228 cadere
1340 4149 1583 4254 omnrnodtg.
1617 4173 1675 4234 12·

171 4248 311 4354 nequit
325 4273 340 4352 3
364 4249 549 4358 illiusque
563 4263 691 4356 partes
709 4247 885 4431 Iateurales
901 4247 978 4338 DE
989 4247 1160 4332 firmiter.
1170 4243 1381 4356 compatiae
1392 4245 1506 4363 etiam

827 4373 852 4436 2
1407 4369 1451 4426 rn
