3782 4958
467 487 755 600 Prurrcrro
781 513 852 596 VI·
880 509 954 596 Dr
977 511 1146 594 Tarra·
1357 521 1431 618 3⁶5
1569 525 1571 542 '

141 691 382 799 ejuscemodi
408 721 483 800 per
505 696 739 803 sindonem,
767 697 910 800 saepiur
941 695 1239 799 complicatam,
1266 693 1371 778 inter
1396 721 1483 799 per·

141 798 369 880 collandum
406 801 613 904 transiret,
648 829 693 883 ac
719 801 878 884 tandem·
909 801 996 905 post
1035 797 1326 884 distillationem
1350 800 1392 882 in
1419 821 1485 882 cu·

13 917 15 960 l
140 903 297 982 curbita
320 919 553 986 remaneret.

243 1002 310 1085 Ad
333 1008 405 1084 III.
463 1015 583 1112 Aqua
615 1027 664 1084 ex
694 1027 811 1091 muro
838 973 990 1108 resilit,
1023 1031 1104 1087 non
1129 1005 1269 1106 vigore
1299 1001 1483 1104 elaterii,

141 1105 208 1185 sed
234 1105 359 1210 quod„
370 1108 605 1216 subsequens
625 1109 698 1188 alia
713 1107 838 1192 fluida
859 1133 958 1210 pars,
975 1110 1163 1211 priorem,
1179 1107 1226 1186 ad
1244 1131 1401 1190 murum
1418 1127 1482 1208 apt

13 1249 15 1290 r
140 1211 308 1312 pulsam,
329 1208 518 1292 retrudat.

13 1301 17 1440 l

242 1308 310 1392 Ad
339 1316 411 1394 IV.
477 1314 517 1395 Si
536 1333 703 1430 vapores
727 1311 875 1401 fierent
900 1331 950 1392 err
975 1311 1195 1394 resistentia
1221 1311 1263 1390 in
1291 1267 1485 1411 frigidum

142 1424 307 1515 aerem,
343 1413 508 1496 deberet
538 1431 676 1538 utrque
705 1435 785 1500 tota
819 1435 934 1522 aquae
971 1415 1209 1518 superficies
1243 1410 1487 1516 ascendere,

140 1515 568 1724 quodffifitkqua)
585 1619 704 1722 plena
721 1620 921 1720 particulis
936 1563 1225 1721 heterogeneis,
1241 1617 1491 1723 praecipuum

143 1722 201 1802 est
226 1723 479 1826 vehiculum,
504 1749 583 1824 quo
609 1723 790 1804 materies
816 1723 993 1804 alimenti
1012 1721 1059 1802 ad
1080 1723 1302 1804 animalium
1322 1722 1360 1801 &
1376 1719 1487 1822 plan-

14 1821 15 1834 '
140 1840 268 1906 tarum
297 1849 465 1929 corpora
491 1823 709 1906 devehitur.
760 1826 945 1908 Alcahest
971 1833 1142 1906 Humanas·
1166 1826 1208 1904 in
1225 1823 1486 1924 suspicionem
1581 1919 1587 1924 V

13 1995 15 2034 f
144 1955 179 2007 a·
193 1929 254 2010 cl.
284 1937 451 2009 Barlaave
480 1943 712 2030 revocatur,
764 1926 914 2008 uamvis
933 1927 1067 2028 negari
1089 1953 1172 2008 non
1192 1927 1323 2028 pollit,
1346 1949 1484 2027 aquam

13 2039 15 2092 l
145 2027 384 2214 quandopue
419 2033 557 2111 intime
590 2030 699 2111 uniri
732 1959 1070 2134 iirlidispartibus
1107 2053 1358 2133 corporum,
1392 2045 1485 2129 quae

13 2131 15 2212 l
147 2132 296 2214 deinde

338 2135 478 2236 egibus
495 2132 585 2248 artis
601 2133 767 2249 separari
783 2133 904 2238 pollit.
1300 2229 1309 2246 ι
1409 2210 1411 2214 .

150 2289 156 2294 -
248 2234 315 2316 Ad
342 2241 417 2317 VI.
478 2245 596 2316 Aeris
613 2239 842 2338 partrculae,
865 2246 998 2336 utpote
1016 2234 1182 2316 multum
1201 2231 1396 2331 elastrcae,
1418 2251 1486 2309 ve·

13 2351 14 2354 ‘
147 2339 353 2417 hementer
370 2337 670 2439 expanduntur3
687 2338 782 2419 hine
798 2341 964 2440 majores
979 2335 1200 2418 redduntur
1214 2345 1327 2436 aere3
1353 2353 1488 2436 neque

144 2441 265 2519 etiam
290 2439 438 2543 pollent
459 2441 664 2543 graviores
685 2442 890 2540 particulas
916 2442 1121 2543 abripere,
1147 2443 1188 2522 liz·
1206 2464 1344 2541 aquam
1369 2434 1488 2515 exlic-

141 2567 267 2644 care,
292 2543 364 2623 nisr
389 2545 615 2625 vehementi
642 2543 849 2646 agitatione
874 2543 1226 2650 propellerentur,
1252 2541 1345 2623 hinc
1371 2543 1488 2621 flante

148 2657 272 2728 rento
296 2648 418 2750 major
435 2647 492 2729 est
510 2647 710 2752 liquorum
731 2647 948 2728 exficcatio.

457 2833 1045 2930 PRAELECTIO
1104 2818 1234 2926 Vl(

372 3021 376 3028 ·
706 2979 938 3066 DoTerra.

150 3144 184 3244 l.
201 3161 287 3246 405.
320 3141 536 3316 TErram
561 3119 751 3230 hocloco
777 3140 1001 3220 examinare
1027 3135 1084 3217 est
1108 3133 1288 3236 animus,
1314 3131 1493 3220 confide·

271 3293 275 3302 ·
329 3327 331 3334 ,
421 3255 561 3344 ratam,
586 3256 644 3322 ut.
658 3245 929 3342 elementum,
954 3240 1119 3322 aliorum
1146 3264 1358 3340 corporum
1386 3263 1492 3320 com-

151 3342 341 3449 positioni
361 3341 561 3448 descrvire
586 3358 742 3447 natum3
769 3371 853 3424 non
879 3369 978 3426 vero
1005 3357 1047 3424 ut
1072 3341 1496 3444 aGeographisdiscu-

150 3449 269 3547 titur,
295 3471 370 3529 ceu
397 3469 570 3546 corpur,
597 3467 721 3529 certae
747 3446 959 3550 cujuspiam
986 3443 1239 3550 magitudinis
1263 3447 1300 3528 &
1320 3442 1486 3548 figurae,

155 3551 195 3630 ἃ
220 3568 329 3629 certo
360 3547 526 3654 rpuodam
553 3549 657 3630 inter
682 3551 780 3633 alios
804 3550 980 3630 Planetas
1000 3551 1091 3628 loco
1117 3548 1401 3646 constitutum3
1437 3537 1487 3619 de

153 3651 237 3732 hoc
262 3651 410 3768 quippe
435 3651 539 3730 insra
555 3651 712 3754 speciali
734 3649 964 3732 trastatione
984 3665 1129 3752 agetur.

260 3753 505 3858 Peripatetici
530 3759 697 3836 Terram
717 3753 921 3837 definiunt
946 3753 1046 3858 apud
1064 3751 1321 3834 Aristotelem
1344 3746 1422 3828 Lib.
1440 3751 1494 3828 11.
1622 3823 1626 3832 .

154 3861 197 3939 de
216 3867 360 3936 Genera.
378 3865 421 3937 tr
437 3868 585 3958 corrupt.
607 3871 684 3960 Cap.
701 3887 721 3961 3
741 3891 754 3938 .·
785 3866 976 3938 Elementum
992 3859 1150 3960 frigidum
1167 3857 1210 3934 θ’
1221 3858 1346 3956 fictum.
1408 3855 1491 3932 Ve-

158 3984 250 4042 rum
277 3957 362 4064 quis
387 3960 458 4039 ille
485 3961 573 4059 est,
597 3961 662 4066 qui
695 3985 743 4043 ex
768 3963 843 4040 hac
867 3955 1104 4038 definitione
1137 3960 1282 4036 Terrae
1315 3967 1492 4044 naturam
1541 4043 1544 4052 ⁴

159 4065 409 4163 cognoscat?
467 4063 553 4142 Alii
580 4065 785 4146 Atomistae
820 4077 966 4141 terram
1001 4055 1270 4156 definientes,
1304 4055 1494 4140 fixitatem

159 4167 269 4248 illius
295 4189 368 4244 ceu
383 4166 632 4269 praecipuum
657 4167 880 4249 attributum
902 4163 1183 4267 respexerunt3
1218 4161 1326 4244 Hinc
1342 4171 1497 4253 canum

161 4293 248 4350 eam
267 4268 392 4350 voluit
417 4267 600 4352 constitui
626 4291 675 4352 ex
699 4269 878 4375 implexis
902 4267 1008 4350 tertii
1034 4268 1093 4358 sui
1120 4266 1304 4350 elementi
1331 4267 1496 4368 particu-

785 4375 907 4480 223
994 4465 996 4469 v
1122 4465 1124 4468 ,
1373 4369 1513 4486 ¹³⁵3,
