<?xml version="1.0" encoding="UTF-8"?>
<!DOCTYPE html PUBLIC "-//W3C//DTD XHTML 1.0 Transitional//EN"
    "http://www.w3.org/TR/xhtml1/DTD/xhtml1-transitional.dtd">
<html xmlns="http://www.w3.org/1999/xhtml" xml:lang="en" lang="en">
 <head>
  <title>
</title>
<meta http-equiv="Content-Type" content="text/html;charset=utf-8" />
  <meta name='ocr-system' content='tesseract 3.04.00' />
  <meta name='ocr-capabilities' content='ocr_page ocr_carea ocr_par ocr_line ocrx_word'/>
</head>
<body>
  <div class='ocr_page' id='page_1' title='image "./florianidalhami00dalhgoog_0142.png"; bbox 0 0 3878 4958; ppageno 0'>
   <div class='ocr_carea' id='block_1_1' title="bbox 442 505 1272 611">
    <p class='ocr_par' dir='ltr' id='par_1_1' title="bbox 442 505 1272 611">
     <span class='ocr_line' id='line_1_1' title="bbox 442 505 1272 611; baseline -0.016 -14"><span class='ocrx_word' id='word_1_1' title='bbox 442 519 520 611; x_wconf 75' lang='lat'>‘138</span> <span class='ocrx_word' id='word_1_2' title='bbox 988 505 1202 590; x_wconf 70' lang='lat' dir='ltr'>samono</span> <span class='ocrx_word' id='word_1_3' title='bbox 1216 509 1272 589; x_wconf 81' lang='lat' dir='ltr'>l.</span> 
     </span>
    </p>
   </div>
   <div class='ocr_carea' id='block_1_2' title="bbox 171 687 1761 4473">
    <p class='ocr_par' dir='ltr' id='par_1_2' title="bbox 332 687 1761 1722">
     <span class='ocr_line' id='line_1_2' title="bbox 332 687 1747 797; baseline -0.003 -19"><span class='ocrx_word' id='word_1_4' title='bbox 332 701 335 706; x_wconf 79' lang='grc'><strong>’</strong></span> <span class='ocrx_word' id='word_1_5' title='bbox 402 709 491 797; x_wconf 80' lang='lat' dir='ltr'>tae,</span> <span class='ocrx_word' id='word_1_6' title='bbox 528 690 670 778; x_wconf 79' lang='lat' dir='ltr'>aliaeve</span> <span class='ocrx_word' id='word_1_7' title='bbox 689 687 875 795; x_wconf 62' lang='lat' dir='ltr'>laciniae5</span> <span class='ocrx_word' id='word_1_8' title='bbox 891 697 984 796; x_wconf 80' lang='lat' dir='ltr'>quae</span> <span class='ocrx_word' id='word_1_9' title='bbox 1001 687 1133 777; x_wconf 86' lang='lat' dir='ltr'>omnia</span> <span class='ocrx_word' id='word_1_10' title='bbox 1148 693 1285 774; x_wconf 87' lang='lat' dir='ltr'>versus</span> <span class='ocrx_word' id='word_1_11' title='bbox 1304 693 1423 773; x_wconf 84' lang='lat' dir='ltr'>latera</span> <span class='ocrx_word' id='word_1_12' title='bbox 1442 687 1540 773; x_wconf 85' lang='lat' dir='ltr'>valis</span> <span class='ocrx_word' id='word_1_13' title='bbox 1560 693 1747 796; x_wconf 80' lang='lat' dir='ltr'>abibunt3</span> 
     </span>
     <span class='ocr_line' id='line_1_3' title="bbox 403 792 1760 900; baseline 0 -22"><span class='ocrx_word' id='word_1_14' title='bbox 403 815 442 878; x_wconf 93' lang='lat' dir='ltr'>at</span> <span class='ocrx_word' id='word_1_15' title='bbox 458 821 558 877; x_wconf 90' lang='lat' dir='ltr'>vero</span> <span class='ocrx_word' id='word_1_16' title='bbox 575 792 646 878; x_wconf 89' lang='lat' dir='ltr'>ubi</span> <span class='ocrx_word' id='word_1_17' title='bbox 664 819 743 900; x_wconf 75' lang='lat' dir='ltr'>vas,</span> <span class='ocrx_word' id='word_1_18' title='bbox 761 809 860 878; x_wconf 85' lang='lat' dir='ltr'>rotae</span> <span class='ocrx_word' id='word_1_19' title='bbox 879 793 1067 896; x_wconf 84' lang='lat' dir='ltr'>figulinae</span> <span class='ocrx_word' id='word_1_20' title='bbox 1091 797 1459 899; x_wconf 82' lang='lat' dir='ltr'>superimpofitum,</span> <span class='ocrx_word' id='word_1_21' title='bbox 1477 793 1760 879; x_wconf 87' lang='lat' dir='ltr'>circumrotari·</span> 
     </span>
     <span class='ocr_line' id='line_1_4' title="bbox 404 893 1754 1003; baseline 0.003 -23"><span class='ocrx_word' id='word_1_22' title='bbox 404 893 594 1003; x_wconf 76' lang='lat' dir='ltr'>coeperit,</span> <span class='ocrx_word' id='word_1_23' title='bbox 620 907 690 982; x_wconf 90' lang='lat' dir='ltr'>aut</span> <span class='ocrx_word' id='word_1_24' title='bbox 704 897 837 980; x_wconf 91' lang='lat' dir='ltr'>saltem</span> <span class='ocrx_word' id='word_1_25' title='bbox 854 897 925 981; x_wconf 91' lang='lat' dir='ltr'>ubi</span> <span class='ocrx_word' id='word_1_26' title='bbox 946 929 966 980; x_wconf 84' lang='lat' dir='ltr'>a</span> <span class='ocrx_word' id='word_1_27' title='bbox 994 925 1045 984; x_wconf 88' lang='lat' dir='ltr'>ua</span> <span class='ocrx_word' id='word_1_28' title='bbox 1058 899 1101 980; x_wconf 91' lang='lat' dir='ltr'>in</span> <span class='ocrx_word' id='word_1_29' title='bbox 1119 899 1212 982; x_wconf 85' lang='lat' dir='ltr'>vase</span> <span class='ocrx_word' id='word_1_30' title='bbox 1231 913 1413 984; x_wconf 86' lang='lat' dir='ltr'>contenta</span> <span class='ocrx_word' id='word_1_31' title='bbox 1431 901 1571 984; x_wconf 87' lang='lat' dir='ltr'>baculo</span> <span class='ocrx_word' id='word_1_32' title='bbox 1589 899 1754 984; x_wconf 81' lang='lat' dir='ltr'>immillo</span> 
     </span>
     <span class='ocr_line' id='line_1_5' title="bbox 405 1001 1761 1107; baseline -0.001 -24"><span class='ocrx_word' id='word_1_33' title='bbox 405 1001 638 1086; x_wconf 74' lang='lat' dir='ltr'>circumaiia</span> <span class='ocrx_word' id='word_1_34' title='bbox 656 1002 808 1104; x_wconf 73' lang='lat' dir='ltr'>suerit,</span> <span class='ocrx_word' id='word_1_35' title='bbox 844 1027 941 1104; x_wconf 82' lang='lat' dir='ltr'>aqua</span> <span class='ocrx_word' id='word_1_36' title='bbox 964 1031 987 1084; x_wconf 92' lang='lat' dir='ltr'>o</span> <span class='ocrx_word' id='word_1_37' title='bbox 1038 1001 1291 1083; x_wconf 84' lang='lat' dir='ltr'>mobilitatem</span> <span class='ocrx_word' id='word_1_38' title='bbox 1309 1003 1414 1084; x_wconf 87' lang='lat' dir='ltr'>suam</span> <span class='ocrx_word' id='word_1_39' title='bbox 1431 1003 1587 1082; x_wconf 89' lang='lat' dir='ltr'>moveri</span> <span class='ocrx_word' id='word_1_40' title='bbox 1603 1001 1761 1107; x_wconf 89' lang='lat' dir='ltr'>aptior,·</span> 
     </span>
     <span class='ocr_line' id='line_1_6' title="bbox 405 1101 1751 1207; baseline -0.002 -20"><span class='ocrx_word' id='word_1_41' title='bbox 405 1127 471 1188; x_wconf 82' lang='lat' dir='ltr'>eas</span> <span class='ocrx_word' id='word_1_42' title='bbox 491 1105 685 1200; x_wconf 84' lang='lat' dir='ltr'>obtinebit</span> <span class='ocrx_word' id='word_1_43' title='bbox 697 1105 894 1188; x_wconf 81' lang='lat' dir='ltr'>verticoso</span> <span class='ocrx_word' id='word_1_44' title='bbox 913 1105 988 1186; x_wconf 92' lang='lat' dir='ltr'>hoc</span> <span class='ocrx_word' id='word_1_45' title='bbox 1006 1107 1058 1186; x_wconf 92' lang='lat' dir='ltr'>im</span> <span class='ocrx_word' id='word_1_46' title='bbox 1087 1105 1178 1189; x_wconf 86' lang='lat' dir='ltr'>ulsu</span> <span class='ocrx_word' id='word_1_47' title='bbox 1193 1107 1330 1207; x_wconf 77' lang='lat' dir='ltr'>vires,</span> <span class='ocrx_word' id='word_1_48' title='bbox 1364 1119 1410 1185; x_wconf 88' lang='lat' dir='ltr'>ut</span> <span class='ocrx_word' id='word_1_49' title='bbox 1437 1101 1485 1185; x_wconf 91' lang='lat' dir='ltr'>ad</span> <span class='ocrx_word' id='word_1_50' title='bbox 1510 1105 1639 1185; x_wconf 85' lang='lat' dir='ltr'>latera</span> <span class='ocrx_word' id='word_1_51' title='bbox 1653 1103 1751 1186; x_wconf 79' lang='lat' dir='ltr'>vasis</span> 
     </span>
     <span class='ocr_line' id='line_1_7' title="bbox 406 1133 1747 1312; baseline -0.004 -22"><span class='ocrx_word' id='word_1_52' title='bbox 406 1205 606 1312; x_wconf 77' lang='lat' dir='ltr'>ascendat,</span> <span class='ocrx_word' id='word_1_53' title='bbox 632 1205 854 1289; x_wconf 83' lang='lat' dir='ltr'>&amp;inertem</span> <span class='ocrx_word' id='word_1_54' title='bbox 873 1207 978 1288; x_wconf 91' lang='lat' dir='ltr'>illam</span> <span class='ocrx_word' id='word_1_55' title='bbox 996 1133 1154 1290; x_wconf 73' lang='lat' dir='ltr'>scoiem</span> <span class='ocrx_word' id='word_1_56' title='bbox 1172 1207 1219 1288; x_wconf 89' lang='lat' dir='ltr'>ad</span> <span class='ocrx_word' id='word_1_57' title='bbox 1240 1223 1419 1290; x_wconf 89' lang='lat' dir='ltr'>centrum</span> <span class='ocrx_word' id='word_1_58' title='bbox 1431 1207 1527 1289; x_wconf 87' lang='lat' dir='ltr'>valis</span> <span class='ocrx_word' id='word_1_59' title='bbox 1544 1205 1747 1307; x_wconf 79' lang='lat' dir='ltr'>detrudat3</span> 
     </span>
     <span class='ocr_line' id='line_1_8' title="bbox 410 1307 1758 1415; baseline -0.006 -21"><span class='ocrx_word' id='word_1_60' title='bbox 410 1313 471 1394; x_wconf 80' lang='lat' dir='ltr'>Ita</span> <span class='ocrx_word' id='word_1_61' title='bbox 488 1311 581 1392; x_wconf 86' lang='lat' dir='ltr'>fieri</span> <span class='ocrx_word' id='word_1_62' title='bbox 595 1307 758 1393; x_wconf 83' lang='lat' dir='ltr'>videtur</span> <span class='ocrx_word' id='word_1_63' title='bbox 774 1333 866 1390; x_wconf 86' lang='lat' dir='ltr'>cum</span> <span class='ocrx_word' id='word_1_64' title='bbox 880 1312 1137 1395; x_wconf 79' lang='lat' dir='ltr'>terrestribus</span> <span class='ocrx_word' id='word_1_65' title='bbox 1149 1311 1403 1415; x_wconf 78' lang='lat' dir='ltr'>corporibus,</span> <span class='ocrx_word' id='word_1_66' title='bbox 1429 1333 1544 1414; x_wconf 81' lang='lat' dir='ltr'>quae,</span> <span class='ocrx_word' id='word_1_67' title='bbox 1571 1335 1661 1392; x_wconf 91' lang='lat' dir='ltr'>cum</span> <span class='ocrx_word' id='word_1_68' title='bbox 1677 1308 1758 1386; x_wconf 56' lang='lat' dir='ltr'>miae</span> 
     </span>
     <span class='ocr_line' id='line_1_9' title="bbox 401 1409 1761 1518; baseline -0.005 -22"><span class='ocrx_word' id='word_1_69' title='bbox 401 1413 504 1498; x_wconf 84' lang='lat' dir='ltr'>nori</span> <span class='ocrx_word' id='word_1_70' title='bbox 528 1409 730 1494; x_wconf 85' lang='lat' dir='ltr'>donentur</span> <span class='ocrx_word' id='word_1_71' title='bbox 750 1433 880 1496; x_wconf 87' lang='lat' dir='ltr'>motus</span> <span class='ocrx_word' id='word_1_72' title='bbox 901 1415 1089 1496; x_wconf 84' lang='lat' dir='ltr'>vorticofi</span> <span class='ocrx_word' id='word_1_73' title='bbox 1117 1415 1352 1518; x_wconf 79' lang='lat' dir='ltr'>quantitate,</span> <span class='ocrx_word' id='word_1_74' title='bbox 1369 1437 1485 1516; x_wconf 87' lang='lat' dir='ltr'>quam</span> <span class='ocrx_word' id='word_1_75' title='bbox 1504 1410 1656 1496; x_wconf 87' lang='lat' dir='ltr'>subtilis</span> <span class='ocrx_word' id='word_1_76' title='bbox 1679 1410 1761 1492; x_wconf 70' lang='lat' dir='ltr'>illa‘</span> 
     </span>
     <span class='ocr_line' id='line_1_10' title="bbox 407 1513 1749 1620; baseline -0.004 -22"><span class='ocrx_word' id='word_1_77' title='bbox 407 1514 591 1618; x_wconf 77' lang='lat' dir='ltr'>materia,</span> <span class='ocrx_word' id='word_1_78' title='bbox 617 1529 812 1618; x_wconf 80' lang='lat' dir='ltr'>eoguntur</span> <span class='ocrx_word' id='word_1_79' title='bbox 828 1519 876 1596; x_wconf 92' lang='lat' dir='ltr'>ad</span> <span class='ocrx_word' id='word_1_80' title='bbox 896 1517 1051 1600; x_wconf 83' lang='lat' dir='ltr'>telluris</span> <span class='ocrx_word' id='word_1_81' title='bbox 1073 1532 1255 1599; x_wconf 82' lang='lat' dir='ltr'><strong>centrum</strong></span> <span class='ocrx_word' id='word_1_82' title='bbox 1273 1513 1528 1620; x_wconf 85' lang='lat' dir='ltr'>aperniciori</span> <span class='ocrx_word' id='word_1_83' title='bbox 1547 1514 1614 1594; x_wconf 87' lang='lat' dir='ltr'>illa</span> <span class='ocrx_word' id='word_1_84' title='bbox 1631 1527 1749 1594; x_wconf 86' lang='lat' dir='ltr'>mate·</span> 
     </span>
     <span class='ocr_line' id='line_1_11' title="bbox 409 1615 1302 1722; baseline -0.01 -17"><span class='ocrx_word' id='word_1_85' title='bbox 409 1617 498 1722; x_wconf 79' lang='lat' dir='ltr'>tia,</span> <span class='ocrx_word' id='word_1_86' title='bbox 524 1615 667 1700; x_wconf 86' lang='lat' dir='ltr'>inertia</span> <span class='ocrx_word' id='word_1_87' title='bbox 685 1644 850 1721; x_wconf 90' lang='lat' dir='ltr'>corpora</span> <span class='ocrx_word' id='word_1_88' title='bbox 864 1619 968 1701; x_wconf 81' lang='lat' dir='ltr'>infra</span> <span class='ocrx_word' id='word_1_89' title='bbox 986 1617 1028 1702; x_wconf 85' lang='lat' dir='ltr'>se&#39;</span> <span class='ocrx_word' id='word_1_90' title='bbox 1045 1618 1302 1720; x_wconf 71' lang='lat' dir='ltr'>deprimente.</span> 
     </span>
    </p>

    <p class='ocr_par' dir='ltr' id='par_1_3' title="bbox 507 1718 1749 1828">
     <span class='ocr_line' id='line_1_12' title="bbox 507 1718 1749 1828; baseline -0.003 -26"><span class='ocrx_word' id='word_1_91' title='bbox 507 1725 559 1802; x_wconf 89' lang='grc' dir='ltr'>Π.</span> <span class='ocrx_word' id='word_1_92' title='bbox 589 1723 756 1828; x_wconf 70' lang='lat' dir='ltr'>Gafflndus</span> <span class='ocrx_word' id='word_1_93' title='bbox 784 1723 971 1806; x_wconf 85' lang='lat' dir='ltr'>existimat</span> <span class='ocrx_word' id='word_1_94' title='bbox 1002 1749 1166 1826; x_wconf 86' lang='lat' dir='ltr'>corpora</span> <span class='ocrx_word' id='word_1_95' title='bbox 1189 1720 1322 1824; x_wconf 88' lang='lat' dir='ltr'>gravia</span> <span class='ocrx_word' id='word_1_96' title='bbox 1344 1720 1420 1800; x_wconf 85' lang='lat' dir='ltr'>hoc</span> <span class='ocrx_word' id='word_1_97' title='bbox 1445 1721 1557 1820; x_wconf 68' lang='lat' dir='ltr'>pailo</span> <span class='ocrx_word' id='word_1_98' title='bbox 1584 1718 1749 1799; x_wconf 84' lang='lat' dir='ltr'>descen-</span> 
     </span>
    </p>

    <p class='ocr_par' dir='ltr' id='par_1_4' title="bbox 373 1819 1758 2236">
     <span class='ocr_line' id='line_1_13' title="bbox 373 1819 1758 1930; baseline -0.005 -25"><span class='ocrx_word' id='word_1_99' title='bbox 373 1849 376 1854; x_wconf 81' lang='grc'><strong>’</strong></span> <span class='ocrx_word' id='word_1_100' title='bbox 409 1821 509 1905; x_wconf 85' lang='lat' dir='ltr'>dere</span> <span class='ocrx_word' id='word_1_101' title='bbox 531 1823 719 1908; x_wconf 86' lang='lat' dir='ltr'>tellurem</span> <span class='ocrx_word' id='word_1_102' title='bbox 742 1827 878 1910; x_wconf 89' lang='lat' dir='ltr'>versus</span> <span class='ocrx_word' id='word_1_103' title='bbox 894 1838 918 1928; x_wconf 57' lang='grc' dir='ltr'>ς’</span> <span class='ocrx_word' id='word_1_104' title='bbox 951 1825 1061 1930; x_wconf 84' lang='lat' dir='ltr'>¹quod</span> <span class='ocrx_word' id='word_1_105' title='bbox 1088 1849 1137 1906; x_wconf 83' lang='lat' dir='ltr'>ex</span> <span class='ocrx_word' id='word_1_106' title='bbox 1165 1823 1245 1926; x_wconf 85' lang='lat' dir='ltr'>ipsa</span> <span class='ocrx_word' id='word_1_107' title='bbox 1266 1839 1372 1904; x_wconf 89' lang='lat' dir='ltr'>terra</span> <span class='ocrx_word' id='word_1_108' title='bbox 1395 1821 1552 1902; x_wconf 90' lang='lat' dir='ltr'>infinita</span> <span class='ocrx_word' id='word_1_109' title='bbox 1587 1819 1758 1904; x_wconf 84' lang='lat' dir='ltr'>effluvia&#39;</span> 
     </span>
     <span class='ocr_line' id='line_1_14' title="bbox 408 1922 1746 2031; baseline -0.006 -23"><span class='ocrx_word' id='word_1_110' title='bbox 408 1928 628 2029; x_wconf 85' lang='lat' dir='ltr'>magnetica</span> <span class='ocrx_word' id='word_1_111' title='bbox 643 1927 922 2031; x_wconf 69' lang='lat' dir='ltr'>esrediantur,</span> <span class='ocrx_word' id='word_1_112' title='bbox 949 1929 1174 2028; x_wconf 83' lang='lat' dir='ltr'>&amp;corpora</span> <span class='ocrx_word' id='word_1_113' title='bbox 1194 1927 1262 2006; x_wconf 90' lang='lat' dir='ltr'>illa</span> <span class='ocrx_word' id='word_1_114' title='bbox 1287 1925 1422 2007; x_wconf 87' lang='lat' dir='ltr'>secum</span> <span class='ocrx_word' id='word_1_115' title='bbox 1454 1922 1495 2002; x_wconf 93' lang='lat' dir='ltr'>in</span> <span class='ocrx_word' id='word_1_116' title='bbox 1522 1940 1665 2004; x_wconf 88' lang='lat' dir='ltr'>terram</span> <span class='ocrx_word' id='word_1_117' title='bbox 1685 1945 1746 2001; x_wconf 89' lang='lat' dir='ltr'>re·</span> 
     </span>
     <span class='ocr_line' id='line_1_15' title="bbox 407 2024 1754 2136; baseline -0.003 -24"><span class='ocrx_word' id='word_1_118' title='bbox 407 2032 591 2132; x_wconf 83' lang='lat' dir='ltr'>trahant3</span> <span class='ocrx_word' id='word_1_119' title='bbox 643 2035 749 2136; x_wconf 84' lang='lat' dir='ltr'>Quae</span> <span class='ocrx_word' id='word_1_120' title='bbox 763 2030 905 2134; x_wconf 87' lang='lat' dir='ltr'>utique</span> <span class='ocrx_word' id='word_1_121' title='bbox 926 2029 1119 2132; x_wconf 89' lang='lat' dir='ltr'>sententia</span> <span class='ocrx_word' id='word_1_122' title='bbox 1130 2027 1366 2109; x_wconf 88' lang='lat' dir='ltr'>verofimilis</span> <span class='ocrx_word' id='word_1_123' title='bbox 1392 2027 1450 2107; x_wconf 91' lang='lat' dir='ltr'>est</span> <span class='ocrx_word' id='word_1_124' title='bbox 1466 2027 1517 2107; x_wconf 91' lang='lat' dir='ltr'>ob</span> <span class='ocrx_word' id='word_1_125' title='bbox 1545 2024 1754 2108; x_wconf 77' lang='lat' dir='ltr'>maximam</span> 
     </span>
     <span class='ocr_line' id='line_1_16' title="bbox 409 2131 1340 2236; baseline -0.01 -20"><span class='ocrx_word' id='word_1_126' title='bbox 409 2131 653 2234; x_wconf 70' lang='lat' dir='ltr'>analogiam,</span> <span class='ocrx_word' id='word_1_127' title='bbox 672 2159 790 2236; x_wconf 84' lang='lat' dir='ltr'>quam</span> <span class='ocrx_word' id='word_1_128' title='bbox 809 2155 968 2234; x_wconf 86' lang='lat' dir='ltr'>magnes</span> <span class='ocrx_word' id='word_1_129' title='bbox 987 2156 1081 2214; x_wconf 88' lang='lat' dir='ltr'>cum</span> <span class='ocrx_word' id='word_1_130' title='bbox 1098 2147 1203 2210; x_wconf 88' lang='lat' dir='ltr'>terra</span> <span class='ocrx_word' id='word_1_131' title='bbox 1216 2131 1340 2232; x_wconf 81' lang='lat' dir='ltr'>habet</span> 
     </span>
    </p>

    <p class='ocr_par' dir='ltr' id='par_1_5' title="bbox 410 2225 1752 2952">
     <span class='ocr_line' id='line_1_17' title="bbox 457 2225 1751 2344; baseline -0.006 -31"><span class='ocrx_word' id='word_1_132' title='bbox 457 2307 459 2313; x_wconf 79' lang='grc'>,</span> <span class='ocrx_word' id='word_1_133' title='bbox 515 2239 587 2316; x_wconf 92' lang='grc' dir='ltr'><strong>ΙΙΙ.</strong></span> <span class='ocrx_word' id='word_1_134' title='bbox 618 2247 766 2316; x_wconf 68' lang='lat' dir='ltr'>Gravitas</span> <span class='ocrx_word' id='word_1_135' title='bbox 782 2249 996 2336; x_wconf 85' lang='lat' dir='ltr'>corporum</span> <span class='ocrx_word' id='word_1_136' title='bbox 1013 2235 1118 2313; x_wconf 89' lang='lat' dir='ltr'>bene</span> <span class='ocrx_word' id='word_1_137' title='bbox 1139 2232 1215 2312; x_wconf 84' lang='lat' dir='ltr'>diei</span> <span class='ocrx_word' id='word_1_138' title='bbox 1231 2233 1354 2344; x_wconf 85' lang='lat' dir='ltr'>potest</span> <span class='ocrx_word' id='word_1_139' title='bbox 1374 2231 1587 2334; x_wconf 88' lang='lat' dir='ltr'>provenire</span> <span class='ocrx_word' id='word_1_140' title='bbox 1609 2257 1629 2309; x_wconf 89' lang='lat' dir='ltr'>a</span> <span class='ocrx_word' id='word_1_141' title='bbox 1646 2225 1751 2328; x_wconf 74' lang='lat' dir='ltr'>pres-</span> 
     </span>
     <span class='ocr_line' id='line_1_18' title="bbox 410 2325 1746 2437; baseline -0.007 -23"><span class='ocrx_word' id='word_1_142' title='bbox 410 2337 522 2416; x_wconf 78' lang='lat' dir='ltr'>fione</span> <span class='ocrx_word' id='word_1_143' title='bbox 538 2333 743 2414; x_wconf 66' lang='lat' dir='ltr'>rettilinea</span> <span class='ocrx_word' id='word_1_144' title='bbox 759 2335 983 2419; x_wconf 83' lang='lat' dir='ltr'>substantiae</span> <span class='ocrx_word' id='word_1_145' title='bbox 1008 2336 1195 2417; x_wconf 84' lang='lat' dir='ltr'>aethereae</span> <span class='ocrx_word' id='word_1_146' title='bbox 1217 2359 1238 2414; x_wconf 87' lang='lat' dir='ltr'>a</span> <span class='ocrx_word' id='word_1_147' title='bbox 1256 2335 1478 2437; x_wconf 86' lang='lat' dir='ltr'>peripheria</span> <span class='ocrx_word' id='word_1_148' title='bbox 1494 2329 1679 2416; x_wconf 88' lang='lat' dir='ltr'>Universr</span> <span class='ocrx_word' id='word_1_149' title='bbox 1700 2325 1746 2406; x_wconf 88' lang='lat' dir='ltr'>ad</span> 
     </span>
     <span class='ocr_line' id='line_1_19' title="bbox 412 2432 1748 2542; baseline -0.005 -25"><span class='ocrx_word' id='word_1_150' title='bbox 412 2459 624 2518; x_wconf 80' lang='lat' dir='ltr'>commune</span> <span class='ocrx_word' id='word_1_151' title='bbox 647 2449 828 2518; x_wconf 88' lang='lat' dir='ltr'>centrum</span> <span class='ocrx_word' id='word_1_152' title='bbox 851 2463 864 2542; x_wconf 70' lang='grc' dir='ltr'><strong>ς</strong></span> <span class='ocrx_word' id='word_1_153' title='bbox 899 2439 972 2516; x_wconf 84' lang='lat' dir='ltr'>hac</span> <span class='ocrx_word' id='word_1_154' title='bbox 1000 2437 1147 2542; x_wconf 89' lang='lat' dir='ltr'>quippe</span> <span class='ocrx_word' id='word_1_155' title='bbox 1173 2435 1367 2540; x_wconf 78' lang='lat' dir='ltr'>prieffione</span> <span class='ocrx_word' id='word_1_156' title='bbox 1392 2435 1596 2540; x_wconf 81' lang='lat' dir='ltr'>videntur</span> <span class='ocrx_word' id='word_1_157' title='bbox 1618 2432 1748 2514; x_wconf 88' lang='lat' dir='ltr'>omnia</span> 
     </span>
     <span class='ocr_line' id='line_1_20' title="bbox 411 2534 1750 2644; baseline -0.004 -27"><span class='ocrx_word' id='word_1_158' title='bbox 411 2537 595 2640; x_wconf 83' lang='lat' dir='ltr'>gravium</span> <span class='ocrx_word' id='word_1_159' title='bbox 609 2559 819 2639; x_wconf 82' lang='lat' dir='ltr'>corporum</span> <span class='ocrx_word' id='word_1_160' title='bbox 845 2539 1102 2643; x_wconf 80' lang='lat' dir='ltr'>phaenomena</span> <span class='ocrx_word' id='word_1_161' title='bbox 1118 2555 1232 2644; x_wconf 84' lang='lat' dir='ltr'>atque</span> <span class='ocrx_word' id='word_1_162' title='bbox 1257 2541 1363 2644; x_wconf 85' lang='lat' dir='ltr'>leges</span> <span class='ocrx_word' id='word_1_163' title='bbox 1381 2543 1433 2620; x_wconf 89' lang='lat' dir='ltr'>sat</span> <span class='ocrx_word' id='word_1_164' title='bbox 1460 2534 1750 2644; x_wconf 86' lang='lat' dir='ltr'>convenienter</span> 
     </span>
     <span class='ocr_line' id='line_1_21' title="bbox 412 2637 1748 2746; baseline -0.002 -25"><span class='ocrx_word' id='word_1_165' title='bbox 412 2637 518 2746; x_wconf 80' lang='lat' dir='ltr'>polle</span> <span class='ocrx_word' id='word_1_166' title='bbox 543 2638 761 2740; x_wconf 76' lang='lat' dir='ltr'>explicar13</span> <span class='ocrx_word' id='word_1_167' title='bbox 796 2667 885 2740; x_wconf 89' lang='lat' dir='ltr'>non</span> <span class='ocrx_word' id='word_1_168' title='bbox 900 2643 1141 2746; x_wconf 83' lang='lat' dir='ltr'>intelligitur</span> <span class='ocrx_word' id='word_1_169' title='bbox 1166 2659 1294 2726; x_wconf 90' lang='lat' dir='ltr'>autem</span> <span class='ocrx_word' id='word_1_170' title='bbox 1322 2642 1388 2724; x_wconf 89' lang='lat' dir='ltr'>hic</span> <span class='ocrx_word' id='word_1_171' title='bbox 1411 2665 1482 2744; x_wconf 91' lang='lat' dir='ltr'>per</span> <span class='ocrx_word' id='word_1_172' title='bbox 1501 2637 1748 2740; x_wconf 78' lang='lat' dir='ltr'>substantiam</span> 
     </span>
     <span class='ocr_line' id='line_1_22' title="bbox 412 2742 1752 2848; baseline -0.005 -21"><span class='ocrx_word' id='word_1_173' title='bbox 412 2745 650 2843; x_wconf 51' lang='lat' dir='ltr'>aetheream7,</span> <span class='ocrx_word' id='word_1_174' title='bbox 670 2745 830 2843; x_wconf 87' lang='lat' dir='ltr'>materia</span> <span class='ocrx_word' id='word_1_175' title='bbox 847 2745 914 2824; x_wconf 89' lang='lat' dir='ltr'>illa</span> <span class='ocrx_word' id='word_1_176' title='bbox 933 2745 1085 2828; x_wconf 84' lang='lat' dir='ltr'>subtilis</span> <span class='ocrx_word' id='word_1_177' title='bbox 1102 2755 1230 2848; x_wconf 57' lang='lat' dir='ltr'>carreffi</span> <span class='ocrx_word' id='word_1_178' title='bbox 1252 2801 1266 2848; x_wconf 78' lang='lat'>,</span> <span class='ocrx_word' id='word_1_179' title='bbox 1295 2742 1363 2824; x_wconf 88' lang='lat' dir='ltr'>sed</span> <span class='ocrx_word' id='word_1_180' title='bbox 1379 2745 1488 2847; x_wconf 75' lang='lat' dir='ltr'>talio,</span> <span class='ocrx_word' id='word_1_181' title='bbox 1514 2767 1608 2848; x_wconf 83' lang='lat' dir='ltr'>quae</span> <span class='ocrx_word' id='word_1_182' title='bbox 1638 2762 1752 2821; x_wconf 60' lang='lat' dir='ltr'>reve*</span> 
     </span>
     <span class='ocr_line' id='line_1_23' title="bbox 413 2843 1496 2952; baseline 0.003 -26"><span class='ocrx_word' id='word_1_183' title='bbox 413 2871 459 2928; x_wconf 88' lang='lat' dir='ltr'>ra</span> <span class='ocrx_word' id='word_1_184' title='bbox 474 2869 617 2946; x_wconf 89' lang='lat' dir='ltr'>corpus</span> <span class='ocrx_word' id='word_1_185' title='bbox 635 2843 700 2946; x_wconf 71' lang='lat' dir='ltr'>fit,</span> <span class='ocrx_word' id='word_1_186' title='bbox 727 2859 893 2952; x_wconf 77' lang='lat' dir='ltr'>attamen</span> <span class='ocrx_word' id='word_1_187' title='bbox 905 2847 1220 2932; x_wconf 83' lang='lat' dir='ltr'>subtiliffimum:</span> <span class='ocrx_word' id='word_1_188' title='bbox 1248 2871 1355 2952; x_wconf 84' lang='lat' dir='ltr'>ergo.</span> <span class='ocrx_word' id='word_1_189' title='bbox 1444 2847 1451 2874; x_wconf 78' lang='lat'><em>⁷</em></span> <span class='ocrx_word' id='word_1_190' title='bbox 1494 2864 1496 2870; x_wconf 84' lang='lat'>&#39;</span> 
     </span>
    </p>

    <p class='ocr_par' dir='ltr' id='par_1_6' title="bbox 414 2945 1752 3339">
     <span class='ocr_line' id='line_1_24' title="bbox 516 2945 1750 3061; baseline 0 -35"><span class='ocrx_word' id='word_1_191' title='bbox 516 2951 588 3053; x_wconf 68' lang='lat' dir='ltr'>IV,</span> <span class='ocrx_word' id='word_1_192' title='bbox 614 2945 737 3060; x_wconf 72' lang='lat' dir='ltr'>l’ollet</span> <span class='ocrx_word' id='word_1_193' title='bbox 761 2949 922 3040; x_wconf 67' lang='lat' dir='ltr'>fortassis</span> <span class='ocrx_word' id='word_1_194' title='bbox 942 2949 1153 3056; x_wconf 83' lang='lat' dir='ltr'>descensus</span> <span class='ocrx_word' id='word_1_195' title='bbox 1175 2951 1356 3052; x_wconf 87' lang='lat' dir='ltr'>gravium</span> <span class='ocrx_word' id='word_1_196' title='bbox 1381 2971 1594 3052; x_wconf 86' lang='lat' dir='ltr'>corporum</span> <span class='ocrx_word' id='word_1_197' title='bbox 1623 2955 1750 3061; x_wconf 71' lang='lat' dir='ltr'>repeti¹</span> 
     </span>
     <span class='ocr_line' id='line_1_25' title="bbox 417 3049 1750 3154; baseline 0.002 -28"><span class='ocrx_word' id='word_1_198' title='bbox 417 3049 466 3126; x_wconf 91' lang='lat' dir='ltr'>ab</span> <span class='ocrx_word' id='word_1_199' title='bbox 493 3061 720 3146; x_wconf 76' lang='lat' dir='ltr'>operatione</span> <span class='ocrx_word' id='word_1_200' title='bbox 737 3051 902 3152; x_wconf 82' lang='lat' dir='ltr'>spiritus</span> <span class='ocrx_word' id='word_1_201' title='bbox 926 3055 1234 3154; x_wconf 75' lang='lat' dir='ltr'>cujusdam‘non</span> <span class='ocrx_word' id='word_1_202' title='bbox 1263 3052 1470 3154; x_wconf 70' lang='lat' dir='ltr'>corporei,</span> <span class='ocrx_word' id='word_1_203' title='bbox 1496 3050 1564 3154; x_wconf 86' lang='lat' dir='ltr'>qui</span> <span class='ocrx_word' id='word_1_204' title='bbox 1596 3050 1750 3150; x_wconf 82' lang='lat' dir='ltr'>spirrtus</span> 
     </span>
     <span class='ocr_line' id='line_1_26' title="bbox 414 3148 1752 3266; baseline 0.003 -42"><span class='ocrx_word' id='word_1_205' title='bbox 414 3148 597 3262; x_wconf 74' lang='lat' dir='ltr'>eraffiora</span> <span class='ocrx_word' id='word_1_206' title='bbox 613 3169 780 3261; x_wconf 84' lang='lat' dir='ltr'>corpora</span> <span class='ocrx_word' id='word_1_207' title='bbox 797 3151 1003 3266; x_wconf 71' lang='lat' dir='ltr'>pervadat,</span> <span class='ocrx_word' id='word_1_208' title='bbox 1029 3171 1145 3255; x_wconf 85' lang='lat' dir='ltr'>atque</span> <span class='ocrx_word' id='word_1_209' title='bbox 1170 3153 1211 3232; x_wconf 90' lang='lat' dir='ltr'>in</span> <span class='ocrx_word' id='word_1_210' title='bbox 1229 3153 1366 3234; x_wconf 85' lang='lat' dir='ltr'>iisdem</span> <span class='ocrx_word' id='word_1_211' title='bbox 1395 3152 1595 3231; x_wconf 87' lang='lat' dir='ltr'>delitescat</span> <span class='ocrx_word' id='word_1_212' title='bbox 1612 3175 1624 3251; x_wconf 83' lang='lat'><em>3</em></span> <span class='ocrx_word' id='word_1_213' title='bbox 1651 3173 1752 3253; x_wconf 83' lang='lat' dir='ltr'>prae.</span> 
     </span>
     <span class='ocr_line' id='line_1_27' title="bbox 415 3249 1750 3339; baseline 0.004 -9"><span class='ocrx_word' id='word_1_214' title='bbox 415 3249 550 3330; x_wconf 75' lang='lat' dir='ltr'>sertim</span> <span class='ocrx_word' id='word_1_215' title='bbox 575 3269 667 3328; x_wconf 90' lang='lat' dir='ltr'>cum</span> <span class='ocrx_word' id='word_1_216' title='bbox 695 3265 831 3332; x_wconf 88' lang='lat' dir='ltr'>rnertrs</span> <span class='ocrx_word' id='word_1_217' title='bbox 854 3253 1030 3335; x_wconf 83' lang='lat' dir='ltr'>materiae</span> <span class='ocrx_word' id='word_1_218' title='bbox 1053 3252 1321 3337; x_wconf 80' lang='lat' dir='ltr'>ordinatillrmi</span> <span class='ocrx_word' id='word_1_219' title='bbox 1343 3271 1469 3337; x_wconf 89' lang='lat' dir='ltr'>motus</span> <span class='ocrx_word' id='word_1_220' title='bbox 1494 3252 1704 3339; x_wconf 88' lang='lat' dir='ltr'>videantur</span> <span class='ocrx_word' id='word_1_221' title='bbox 1729 3279 1750 3336; x_wconf 86' lang='lat' dir='ltr'>a</span> 
     </span>
    </p>

    <p class='ocr_par' dir='ltr' id='par_1_7' title="bbox 283 3347 1640 3467">
     <span class='ocr_line' id='line_1_28' title="bbox 283 3347 1640 3467; baseline 0.007 -38"><span class='ocrx_word' id='word_1_222' title='bbox 283 3453 284 3456; x_wconf 4' lang='grc' dir='ltr'><strong><em>Ν</em></strong></span> <span class='ocrx_word' id='word_1_223' title='bbox 415 3347 613 3456; x_wconf 89' lang='lat' dir='ltr'>principio</span> <span class='ocrx_word' id='word_1_224' title='bbox 630 3353 811 3467; x_wconf 76' lang='lat' dir='ltr'>quopiam</span> <span class='ocrx_word' id='word_1_225' title='bbox 829 3369 1011 3436; x_wconf 89' lang='lat' dir='ltr'>movente</span> <span class='ocrx_word' id='word_1_226' title='bbox 1031 3359 1069 3439; x_wconf 83' lang='lat' dir='ltr'>dt</span> <span class='ocrx_word' id='word_1_227' title='bbox 1087 3357 1251 3458; x_wconf 77' lang='lat' dir='ltr'>simplici</span> <span class='ocrx_word' id='word_1_228' title='bbox 1271 3357 1509 3460; x_wconf 88' lang='lat' dir='ltr'>dependere.</span> <span class='ocrx_word' id='word_1_229' title='bbox 1636 3401 1640 3409; x_wconf 85' lang='grc'><em>·</em></span> 
     </span>
    </p>

    <p class='ocr_par' dir='ltr' id='par_1_8' title="bbox 171 3455 1753 4393">
     <span class='ocr_line' id='line_1_29' title="bbox 272 3455 1752 3570; baseline 0.001 -35"><span class='ocrx_word' id='word_1_230' title='bbox 272 3491 278 3503; x_wconf 95' lang='grc'><em>·</em></span> <span class='ocrx_word' id='word_1_231' title='bbox 362 3481 388 3522; x_wconf 66' lang='lat'><em>2</em></span> <span class='ocrx_word' id='word_1_232' title='bbox 480 3456 572 3535; x_wconf 55' lang='lat' dir='ltr'>flV.</span> <span class='ocrx_word' id='word_1_233' title='bbox 602 3461 640 3570; x_wconf 63' lang='lat' dir='ltr'>Si</span> <span class='ocrx_word' id='word_1_234' title='bbox 661 3455 837 3552; x_wconf 73' lang='lat' dir='ltr'>¹gravium</span> <span class='ocrx_word' id='word_1_235' title='bbox 856 3469 984 3540; x_wconf 70' lang='lat' dir='ltr'>motus</span> <span class='ocrx_word' id='word_1_236' title='bbox 1006 3462 1052 3540; x_wconf 89' lang='lat' dir='ltr'>ab</span> <span class='ocrx_word' id='word_1_237' title='bbox 1074 3461 1300 3545; x_wconf 79' lang='lat' dir='ltr'>attrafflone</span> <span class='ocrx_word' id='word_1_238' title='bbox 1318 3462 1374 3542; x_wconf 88' lang='lat' dir='ltr'>est</span> <span class='ocrx_word' id='word_1_239' title='bbox 1402 3457 1661 3562; x_wconf 69' lang='lat' dir='ltr'>repetendus,</span> <span class='ocrx_word' id='word_1_240' title='bbox 1687 3479 1752 3536; x_wconf 90' lang='lat' dir='ltr'>ec·</span> 
     </span>
     <span class='ocr_line' id='line_1_30' title="bbox 355 3556 1751 3664; baseline -0.002 -23"><span class='ocrx_word' id='word_1_241' title='bbox 355 3589 359 3597; x_wconf 91' lang='grc'><strong><em>·</em></strong></span> <span class='ocrx_word' id='word_1_242' title='bbox 415 3581 493 3640; x_wconf 88' lang='lat' dir='ltr'>cur</span> <span class='ocrx_word' id='word_1_243' title='bbox 507 3556 602 3659; x_wconf 83' lang='lat' dir='ltr'>lapis</span> <span class='ocrx_word' id='word_1_244' title='bbox 618 3581 659 3634; x_wconf 85' lang='lat' dir='ltr'>rn</span> <span class='ocrx_word' id='word_1_245' title='bbox 679 3558 797 3639; x_wconf 89' lang='lat' dir='ltr'>altum</span> <span class='ocrx_word' id='word_1_246' title='bbox 825 3559 991 3664; x_wconf 70' lang='lat' dir='ltr'>ejeiius,</span> <span class='ocrx_word' id='word_1_247' title='bbox 1025 3563 1062 3643; x_wconf 81' lang='lat' dir='ltr'>dr</span> <span class='ocrx_word' id='word_1_248' title='bbox 1089 3591 1110 3644; x_wconf 92' lang='lat' dir='ltr'>a</span> <span class='ocrx_word' id='word_1_249' title='bbox 1136 3580 1257 3646; x_wconf 87' lang='lat' dir='ltr'>terrae</span> <span class='ocrx_word' id='word_1_250' title='bbox 1285 3559 1511 3644; x_wconf 73' lang='lat' dir='ltr'>attrastione</span> <span class='ocrx_word' id='word_1_251' title='bbox 1541 3561 1751 3642; x_wconf 83' lang='lat' dir='ltr'>eliberatus</span> 
     </span>
     <span class='ocr_line' id='line_1_31' title="bbox 275 3660 1752 3749; baseline 0.001 -7"><span class='ocrx_word' id='word_1_252' title='bbox 275 3699 279 3708; x_wconf 50' lang='lat'><strong>⁴</strong></span> <span class='ocrx_word' id='word_1_253' title='bbox 414 3687 497 3742; x_wconf 91' lang='lat' dir='ltr'>non</span> <span class='ocrx_word' id='word_1_254' title='bbox 516 3661 719 3742; x_wconf 86' lang='lat' dir='ltr'>attrahitur</span> <span class='ocrx_word' id='word_1_255' title='bbox 738 3687 758 3738; x_wconf 88' lang='lat' dir='ltr'>a</span> <span class='ocrx_word' id='word_1_256' title='bbox 775 3661 871 3744; x_wconf 83' lang='lat' dir='ltr'>luna·</span> <span class='ocrx_word' id='word_1_257' title='bbox 886 3663 951 3744; x_wconf 91' lang='lat' dir='ltr'>vel</span> <span class='ocrx_word' id='word_1_258' title='bbox 970 3666 1121 3748; x_wconf 73' lang='lat' dir='ltr'>a&#39;solel</span> <span class='ocrx_word' id='word_1_259' title='bbox 1149 3691 1225 3749; x_wconf 89' lang='lat' dir='ltr'>cur</span> <span class='ocrx_word' id='word_1_260' title='bbox 1245 3667 1291 3746; x_wconf 90' lang='lat' dir='ltr'>ab</span> <span class='ocrx_word' id='word_1_261' title='bbox 1312 3660 1448 3745; x_wconf 85' lang='lat' dir='ltr'>eadem</span> <span class='ocrx_word' id='word_1_262' title='bbox 1468 3665 1612 3746; x_wconf 90' lang='lat' dir='ltr'>iterum</span> <span class='ocrx_word' id='word_1_263' title='bbox 1632 3675 1752 3744; x_wconf 83' lang='lat' dir='ltr'>terrae</span> 
     </span>
     <span class='ocr_line' id='line_1_32' title="bbox 414 3762 1752 3872; baseline 0.001 -31"><span class='ocrx_word' id='word_1_264' title='bbox 414 3762 598 3864; x_wconf 88' lang='lat' dir='ltr'>portione</span> <span class='ocrx_word' id='word_1_265' title='bbox 614 3767 891 3867; x_wconf 72' lang='lat' dir='ltr'>attraheretur,</span> <span class='ocrx_word' id='word_1_266' title='bbox 918 3789 1034 3872; x_wconf 88' lang='lat' dir='ltr'>equa</span> <span class='ocrx_word' id='word_1_267' title='bbox 1052 3767 1224 3871; x_wconf 65' lang='lat' dir='ltr'>abjectus</span> <span class='ocrx_word' id='word_1_268' title='bbox 1239 3769 1331 3849; x_wconf 75' lang='lat' dir='ltr'>est?</span> <span class='ocrx_word' id='word_1_269' title='bbox 1368 3791 1443 3849; x_wconf 91' lang='lat' dir='ltr'>cur</span> <span class='ocrx_word' id='word_1_270' title='bbox 1468 3763 1516 3843; x_wconf 91' lang='lat' dir='ltr'>ad</span> <span class='ocrx_word' id='word_1_271' title='bbox 1541 3763 1752 3867; x_wconf 80' lang='lat' dir='ltr'>perpendi-</span> 
     </span>
     <span class='ocr_line' id='line_1_33' title="bbox 417 3861 1750 3968; baseline 0.005 -26"><span class='ocrx_word' id='word_1_272' title='bbox 417 3863 555 3946; x_wconf 85' lang='lat' dir='ltr'>culum</span> <span class='ocrx_word' id='word_1_273' title='bbox 571 3861 733 3968; x_wconf 72' lang='lat' dir='ltr'>recidit,</span> <span class='ocrx_word' id='word_1_274' title='bbox 759 3888 851 3950; x_wconf 86' lang='lat' dir='ltr'>cum</span> <span class='ocrx_word' id='word_1_275' title='bbox 868 3883 997 3952; x_wconf 89' lang='lat' dir='ltr'>tamen</span> <span class='ocrx_word' id='word_1_276' title='bbox 1014 3885 1119 3951; x_wconf 90' lang='lat' dir='ltr'>terra</span> <span class='ocrx_word' id='word_1_277' title='bbox 1134 3870 1283 3954; x_wconf 84' lang='lat' dir='ltr'>certius</span> <span class='ocrx_word' id='word_1_278' title='bbox 1295 3867 1401 3952; x_wconf 85' lang='lat' dir='ltr'>circa</span> <span class='ocrx_word' id='word_1_279' title='bbox 1417 3867 1531 3954; x_wconf 86' lang='lat' dir='ltr'>suum</span> <span class='ocrx_word' id='word_1_280' title='bbox 1543 3890 1653 3952; x_wconf 87' lang='lat' dir='ltr'>axem</span> <span class='ocrx_word' id='word_1_281' title='bbox 1669 3887 1750 3949; x_wconf 82' lang='lat' dir='ltr'>mo-</span> 
     </span>
     <span class='ocr_line' id='line_1_34' title="bbox 416 3964 1747 4050; baseline 0 -2"><span class='ocrx_word' id='word_1_282' title='bbox 416 3965 504 4048; x_wconf 89' lang='lat' dir='ltr'>veri</span> <span class='ocrx_word' id='word_1_283' title='bbox 522 3964 765 4050; x_wconf 87' lang='lat' dir='ltr'>existimetur</span> <span class='ocrx_word' id='word_1_284' title='bbox 778 3971 799 4048; x_wconf 75' lang='lat' dir='ltr'>l</span> <span class='ocrx_word' id='word_1_285' title='bbox 1380 4007 1382 4011; x_wconf 95' lang='lat'>·</span> <span class='ocrx_word' id='word_1_286' title='bbox 1743 4007 1747 4014; x_wconf 92' lang='lat'>·</span> 
     </span>
     <span class='ocr_line' id='line_1_35' title="bbox 171 4069 1753 4180; baseline -0.003 -24"><span class='ocrx_word' id='word_1_287' title='bbox 171 4069 189 4080; x_wconf 79' lang='grc'><strong><em>”</em></strong></span> <span class='ocrx_word' id='word_1_288' title='bbox 245 4073 375 4156; x_wconf 78' lang='lat' dir='ltr'>Sulrtlts</span> <span class='ocrx_word' id='word_1_289' title='bbox 426 4175 462 4180; x_wconf 3' lang='grc' dir='ltr'>γ’</span> <span class='ocrx_word' id='word_1_290' title='bbox 521 4075 653 4175; x_wconf 79' lang='lat' dir='ltr'>§.14o</span> <span class='ocrx_word' id='word_1_291' title='bbox 667 4097 709 4162; x_wconf 76' lang='lat' dir='ltr'>rr.</span> <span class='ocrx_word' id='word_1_292' title='bbox 729 4071 776 4152; x_wconf 90' lang='lat' dir='ltr'>ad</span> <span class='ocrx_word' id='word_1_293' title='bbox 793 4077 823 4153; x_wconf 94' lang='grc' dir='ltr'>Ι.</span> <span class='ocrx_word' id='word_1_294' title='bbox 850 4082 952 4156; x_wconf 87' lang='lat' dir='ltr'>Haec</span> <span class='ocrx_word' id='word_1_295' title='bbox 969 4071 1120 4153; x_wconf 86' lang='lat' dir='ltr'>subtilis</span> <span class='ocrx_word' id='word_1_296' title='bbox 1143 4073 1302 4156; x_wconf 89' lang='lat' dir='ltr'>materia</span> <span class='ocrx_word' id='word_1_297' title='bbox 1328 4071 1491 4158; x_wconf 85' lang='lat' dir='ltr'>Cartesri</span> <span class='ocrx_word' id='word_1_298' title='bbox 1522 4074 1578 4156; x_wconf 89' lang='lat' dir='ltr'>est</span> <span class='ocrx_word' id='word_1_299' title='bbox 1607 4095 1753 4174; x_wconf 88' lang='lat' dir='ltr'>purum</span> 
     </span>
     <span class='ocr_line' id='line_1_36' title="bbox 248 4165 1750 4277; baseline -0.001 -19"><span class='ocrx_word' id='word_1_300' title='bbox 248 4191 379 4258; x_wconf 68' lang='lat' dir='ltr'>aarum</span> <span class='ocrx_word' id='word_1_301' title='bbox 419 4173 652 4276; x_wconf 79' lang='lat' dir='ltr'>figmentum</span> <span class='ocrx_word' id='word_1_302' title='bbox 677 4199 689 4276; x_wconf 82' lang='lat'>3</span> <span class='ocrx_word' id='word_1_303' title='bbox 724 4177 811 4277; x_wconf 88' lang='lat' dir='ltr'>quis</span> <span class='ocrx_word' id='word_1_304' title='bbox 836 4177 942 4259; x_wconf 84' lang='lat' dir='ltr'>eninr</span> <span class='ocrx_word' id='word_1_305' title='bbox 967 4176 1165 4255; x_wconf 83' lang='lat' dir='ltr'>materiam</span> <span class='ocrx_word' id='word_1_306' title='bbox 1190 4177 1305 4258; x_wconf 91' lang='lat' dir='ltr'>talem</span> <span class='ocrx_word' id='word_1_307' title='bbox 1343 4177 1513 4256; x_wconf 85' lang='lat' dir='ltr'>existere</span> <span class='ocrx_word' id='word_1_308' title='bbox 1539 4165 1750 4277; x_wconf 69' lang='lat' dir='ltr'>attereret,</span> 
     </span>
     <span class='ocr_line' id='line_1_37' title="bbox 239 4275 1751 4393; baseline 0.001 -33"><span class='ocrx_word' id='word_1_309' title='bbox 239 4287 372 4388; x_wconf 77' lang='lat' dir='ltr'>figmen·</span> <span class='ocrx_word' id='word_1_310' title='bbox 419 4304 513 4387; x_wconf 90' lang='lat' dir='ltr'>quae</span> <span class='ocrx_word' id='word_1_311' title='bbox 531 4275 684 4364; x_wconf 81' lang='lat' dir='ltr'>nullius</span> <span class='ocrx_word' id='word_1_312' title='bbox 698 4278 843 4380; x_wconf 79' lang='lat' dir='ltr'>figurae</span> <span class='ocrx_word' id='word_1_313' title='bbox 863 4279 928 4382; x_wconf 83' lang='lat' dir='ltr'>fit,</span> <span class='ocrx_word' id='word_1_314' title='bbox 955 4301 1086 4384; x_wconf 88' lang='lat' dir='ltr'>neque</span> <span class='ocrx_word' id='word_1_315' title='bbox 1101 4278 1263 4386; x_wconf 83' lang='lat' dir='ltr'>gravis;</span> <span class='ocrx_word' id='word_1_316' title='bbox 1292 4301 1386 4374; x_wconf 86' lang='lat' dir='ltr'>cum</span> <span class='ocrx_word' id='word_1_317' title='bbox 1401 4291 1530 4365; x_wconf 88' lang='lat' dir='ltr'>tamen</span> <span class='ocrx_word' id='word_1_318' title='bbox 1547 4291 1657 4393; x_wconf 78' lang='lat' dir='ltr'>certa</span> <span class='ocrx_word' id='word_1_319' title='bbox 1666 4305 1751 4379; x_wconf 87' lang='lat' dir='ltr'>par·</span> 
     </span>
    </p>

    <p class='ocr_par' dir='ltr' id='par_1_9' title="bbox 248 4392 1706 4473">
     <span class='ocr_line' id='line_1_38' title="bbox 248 4392 1706 4473; baseline -0.003 -7"><span class='ocrx_word' id='word_1_320' title='bbox 248 4408 327 4473; x_wconf 64' lang='lat' dir='ltr'>duma</span> <span class='ocrx_word' id='word_1_321' title='bbox 1092 4411 1093 4415; x_wconf 11' lang='grc' dir='ltr'><strong>Ἰ</strong></span> <span class='ocrx_word' id='word_1_322' title='bbox 1604 4392 1706 4464; x_wconf 69' lang='lat' dir='ltr'>tium</span> 
     </span>
    </p>
   </div>
   <div class='ocr_carea' id='block_1_3' title="bbox 0 0 1959 4958">
    <p class='ocr_par' dir='ltr' id='par_1_10' title="bbox 0 0 1959 4958">
     <span class='ocr_line' id='line_1_39' title="bbox 0 0 1959 4958; baseline 0 0"><span class='ocrx_word' id='word_1_323' title='bbox 0 0 1959 4958; x_wconf 95' lang='lat' dir='ltr'> </span> 
     </span>
    </p>
   </div>
  </div>
 </body>
</html>
