3878 4958
233 2969 369 3077 digus.

464 505 538 594 126
590 573 593 576 .
949 479 1237 592 'stcrrours
1296 505 1331 588 1.

514 698 649 810 §.123
677 681 796 807 Quod
813 683 842 766 fi
862 709 1001 788 corpus
1016 689 1174 807 aliquod
1204 694 1307 774 circa
1325 709 1469 773 terram
1494 689 1537 771 in
1563 691 1670 773 lunae
1694 693 1754 774 di·

411 801 551 884 stantia
574 817 704 900 gyrari
732 789 907 870 dicatur·
945 817 1129 894 quomam
1156 795 1261 876 lunae
1287 795 1463 876 distantia
1487 797 1749 880 communiter

413 901 594 984 censetur
612 891 686 974 else
706 896 766 977 60.
784 849 1159 980 semidiametrorum
1177 899 1439 982 terrestrium:
1467 897 1587 996 igitur
1606 895 1751 978 diame-

411 1021 494 1086 trus
514 997 684 1102 circuli,
718 1017 833 1100 quem
859 1023 1000 1099 corpus
1022 995 1126 1080 circa
1144 1017 1265 1081 terrae
1285 997 1534 1102 superficiem
1553 999 1750 1080 circulari·

409 1123 473 1188 ter
496 1117 662 1187 rotatum
690 1099 914 1202 percurrit,
947 1098 1105 1184 habebit
1122 1105 1161 1182 se
1181 1103 1326 1204 pariter
1342 1102 1390 1182 ad
1411 1101 1599 1184 circulum
1617 1103 1751 1202 illum,

409 1235 483 1316 per
502 1231 619 1316 quem
637 1229 779 1304 corpus
795 1202 837 1282 in
855 1199 1032 1284 distantia
1049 1209 1158 1287 lunae
1177 1205 1401 1286 revolvitur
1415 1221 1460 1284 ut
1475 1209 1536 1286 60.
1565 1201 1612 1282 ad
1643 1234 1673 1288 r.
1701 1229 1749 1286 eo

408 1313 516 1420 quod
545 1305 819 1387 semidiametri
847 1305 1085 1418 circulorum
1118 1307 1205 1388 fint.
1222 1309 1264 1388 in
1296 1307 1449 1389 ratione
1476 1303 1755 1386 diametroruni

407 1421 472 1518 (g,
493 1417 580 1500 268.
610 1405 774 1585 geomar.)
813 1405 904 1486 cubi
937 1419 1064 1487 autem
1094 1408 1371 1496 diametrorum
1407 1411 1447 1490 se
1481 1409 1681 1490 habebunt
1707 1416 1752 1488 ut

409 1525 613 1601 216000.a
664 1535 696 1592 r·

513 1609 662 1696 Rursus
678 1625 829 1723 tempus
849 1605 1125 1718 periodicum‚
1151 1639 1230 1718 quo
1248 1639 1388 1714 corpus
1405 1615 1511 1693 circa
1529 1617 1673 1694 Terrae
1694 1613 1752 1692 su·

408 1715 620 1821 perficiem
640 1711 890 1810 revolvrtur,
915 1710 954 1788 se
972 1713 1088 1793 habet
1106 1715 1154 1796 ad
1177 1734 1327 1818 tempus
1345 1717 1591 1818 periodicum
1613 1739 1750 1814 corpo·

409 1819 466 1901 ris
482 1814 744 1899 circumrotati
763 1809 807 1891 in
825 1810 1003 1895 distantia
1019 1819 1126 1900 lunae
1142 1834 1185 1900 ut
1203 1822 1305 1922 5066
1311 1824 1333 1924 ὲ
1353 1819 1499 1902 minuta
1516 1815 1686 1896 semmda
1700 1809 1749 1894 ad

409 1946 469 2022 27.
481 1919 589 2021 dies,
614 1940 648 2019 7.
657 1918 790 2015 horas,
811 1937 875 2020 43.
887 1915 1035 2000 minuta
1058 1948 1112 2005 ::
1137 1943 1275 2026 39343.
1287 1920 1466 2018 minutis,
1481 1921 1548 2004 seu
1557 1921 1748 2028 23605893

386 2041 389 2050 ’
408 2023 572 2104 minutis
598 2015 804 2116 secundis3
839 2019 908 2096 seu
923 2033 967 2098 ut
986 2049 1015 2104 r.
1035 2019 1083 2098 ad
1103 2027 1189 2117 466.
1213 2047 1380 2124 quorum
1397 2021 1581 2127 quadrata
1599 2021 1688 2102 sunt
1714 2047 1748 2102 1.

406 2123 456 2206 ad
475 2126 651 2226 217156:
676 2119 795 2221 igitur
809 2121 1032 2202 velocitates
1047 2148 1257 2224 corporum
1279 2127 1345 2205 seu
1365 2141 1447 2203 atras
1471 2139 1637 2230 centrtpuae
1665 2147 1751 2204 cor·

405 2251 548 2332 porum
567 2226 928 2307 circumrotatorum
949 2223 989 2300 se
1008 2225 1153 2304 habent
1172 2228 1213 2310 in
1241 2227 1392 2308 ratione
1412 2227 1564 2308 inversa
1585 2225 1749 2328 quadra-

403 2349 535 2414 torum
552 2345 804 2428 temporum,
831 2349 973 2426 nempe
991 2343 1033 2407 ut
1055 2355 1085 2408 1.
1104 2327 1152 2408 ad
1170 2333 1335 2432 mne
1360 2329 1502 2434 <litibus
1527 2327 1641 2410 etiam
1661 2330 1750 2409 lere

402 2429 497 2515 cubi
512 2429 791 2512 diametrorum
804 2425 1065 2532 respondent,
1092 2439 1292 2536 nempe'ut
1312 2459 1343 2518 1.
1362 2431 1409 2515 ad
1428 2443 1595 2520 216000.
1635 2495 1638 2504 .
1661 2437 1664 2445 '

665 2693 689 2732 ι
815 2651 954 2767 Sylloge
983 2655 1337 2768 Experimeutorurn.

235 2863 315 2948 Tel.
334 2867 379 2944 ll.
405 2851 571 2961 §4241-
579 2847 836 3032 Illdcentrali
852 2851 1028 2932 mensula
1048 2859 1146 2932 Nolui
1163 2879 1237 2958 ope
1253 2867 1352 2936 rotae
1369 2857 1409 2936 A
1427 2853 1745 2949 circumaguntur

668 2953 738 3032 ilci
759 2951 849 3034 C&
862 2957 919 3054 D,
933 2953 1091 3035 chordis
1110 2959 1277 3058 copulati
1296 2987 1308 3054 ς
1337 2959 1379 3038 in
1402 2955 1512 3036 disco
1533 2959 1568 3036 C
1586 2949 1745 3064 quidem

404 3055 564 3162 ponitur
584 3081 653 3135 vas
669 3060 705 3135 G
722 3081 819 3158 aqua
838 3057 1032 3160 plenum,
1057 3082 1175 3162 equo
1195 3057 1273 3140 duo
1297 3058 1471 3166 cylindri
1496 3051 1673 3136 inclinati
1688 3075 1746 3130 vr-

403 3161 481 3242 trei
500 3155 716 3258 prodeunt,
743 3179 831 3236 cum
846 3159 1004 3237 annexis
1024 3157 1068 3240 in
1096 3161 1338 3238 extremitate
1364 3161 1490 3264 globis
1508 3157 1640 3239 vacuis
1655 3151 1745 3236 E&

403 3267 463 3362 F,
490 3282 578 3341 curn
602 3251 785 3364 cylindro
814 3257 882 3339 suo
914 3261 1314 3364 communicantibus3
1342 3265 1385 3344 in
1413 3261 1523 3342 disco
1546 3263 1588 3340 D
1616 3270 1745 3338 autem

397 3361 620 3444 attinentur
642 3359 725 3442 duo
743 3358 852 3462 globi
877 3365 1070 3466 aequales,
1097 3365 1292 3466 eburnei,
1314 3363 1504 3466 perforati
1522 3367 1565 3441 M
1582 3361 1683 3458 &N,
1702 3355 1747 3434 in

343 3485 349 3494 ·
402 3463 718 3547 transeunte⁰filo
736 3463 869 3541 serreo
888 3463 1004 3544 facile
1023 3465 1214 3562 mobiles3
1243 3469 1330 3548 lunt
1360 3481 1487 3548 autem
1502 3465 1541 3544 hi
1565 3461 1645 3542 duo
1662 3460 1760 3562 gloa¹

403 3568 445 3648 bi
465 3569 538 3648 filo
563 3566 722 3668 serico,
746 3593 764 3666 5
786 3563 947 3646 circiter
969 3569 1135 3668 pollices
1165 3561 1311 3671 longo,
1332 3568 1536 3671 colligati:
1565 3565 1683 3664 globo
1700 3561 1745 3638 M

401 3671 636 3774 persistente
663 3667 706 3746 in
726 3681 863 3748 centro
883 3667 1003 3770 disci,
1026 3673 1144 3771 globo
1172 3677 1209 3754 N
1235 3687 1361 3754 autem
1382 3673 1430 3752 ad
1454 3692 1474 3769 5
1500 3668 1662 3772 pollices
1683 3683 1745 3742 re-

403 3787 511 3852 moto
529 3797 542 3872 ς
571 3768 733 3878 Quodsi
751 3771 879 3873 itaque
896 3771 936 3849 hi
954 3771 1048 3852 disci
1068 3773 1268 3854 beneficio
1281 3789 1380 3856 rotae
1400 3781 1440 3856 A
1457 3773 1740 3884 circumroten*
1764 3803 1771 3814 ·

404 3889 492 3972 tur,
519 3873 739 3954 elevabitur
752 3873 796 3952 in
816 3872 927 3966 ‹iisco¹
942 3879 977 3962 C
994 3897 1044 3954 ex
1058 3877 1151 3960 vase
1167 3881 1202 3957 G
1221 3903 1316 3980 aqua
1338 3901 1410 3978 per
1429 3875 1621 3957 centrales
1637 3887 1744 3950 vrres

404 3973 482 4076 ita,
506 3985 549 4054 ut
568 3973 674 4074 globi
693 3979 727 4055 E
743 3975 781 4054 dr
799 3981 831 4054 F
852 3997 898 4053 ea
916 3973 1179 4077 impleantur3
1207 3979 1249 4060 in
1276 3979 1382 4060 disco
1402 3985 1435 4060 C
1460 3993 1585 4058 autem
1606 3971 1745 4076 globus

404 4081 443 4157 N
461 4076 734 4178 vicentrifuga
754 4077 954 4176 abreptus,
980 4081 1143 4178 globum
1160 4085 1207 4160 M.
1219 4105 1398 4186 quoque,
1426 4105 1512 4161 cum
1533 4105 1611 4180 quo
1631 4073 1745 4156 colli·

406 4179 607 4278 ganstad,
634 4179 763 4260 secum
791 4179 984 4278 abripiat:
1033 4182 1149 4288 Quod
1170 4183 1197 4262 fi
1222 4207 1321 4264 vero
1352 4183 1432 4262 duo
1450 4183 1489 4263 hi
1514 4177 1621 4280 globi
1637 4183 1681 4256 M
1703 4178 1742 4257 de
1846 4179 1851 4190 “

405 4280 505 4372 uio
520 4283 662 4403 aeguali
679 4307 701 4366 a
720 4293 856 4366 centro
886 4275 1066 4370 distantia
1090 4283 1203 4396 politi
1228 4283 1406 4396 fuerint,
1429 4279 1743 4400 perseverabunt

443 4407 452 4430 '·
465 4455 476 4468 ..
490 4435 516 4446 ··
537 4429 542 4444 ·
1551 4407 1693 4482 mlum:
