3782 4958
311 477 315 485 ’
448 511 520 604 334
732 513 739 525 ·
872 431 1157 573 'Sacrroaus
1210 490 1264 569 Π.

399 675 585 778 pellucidum
606 673 652 784 ql.
677 709 680 715 ·
712 669 835 775 Quod
862 669 1090 750 Scholastici
1113 669 1170 746 fic
1194 667 1435 774 interpretati
1462 672 1587 773 sunt,
1612 687 1656 754 ut
1682 673 1744 753 lu-

401 799 487 856 cem
519 772 740 877 qualitatem
772 769 951 854 dicerent
982 795 1244 874 corpoream,
1281 801 1362 854 non
1398 789 1528 854 tamen
1563 797 1741 873 corpus3

404 901 454 974 eo
487 872 594 978 quod
628 874 693 952 lux
718 871 900 954 videatur
927 873 1000 952 alia
1025 897 1190 973 corpora
1213 892 1448 978 penetrare,
1471 876 1577 979 quod
1602 877 1742 978 utique

365 1067 367 1072 ,
405 1001 523 1080 agere
549 1001 632 1067 non
658 973 806 1074 pollet,
833 975 863 1052 fi
888 1001 1028 1076 corpus
1053 976 1168 1054 soret.

504 1083 557 1158 ΙΙ.
608 1080 649 1156 Si
675 1079 744 1156 lux
777 1073 867 1154 ellet
886 1077 1141 1179 profluvium
1168 1041 1440 1180 substantiale,
1474 1075 1676 1180 quomodo
1697 1076 1745 1156 in
1867 1137 1873 1153 .

404 1180 560 1360 idnstanu'
579 1178 774 1336 2temporis
798 1177 966 1260 simul&
991 1178 1112 1258 semel
1139 1177 1187 1260 ad
1214 1177 1430 1282 longiffima
1459 1179 1575 1280 spatia
1600 1175 1747 1257 diffun-

435 1301 592 1363 eretur.
801 1341 803 1348 .
934 1335 938 1344 -
973 1352 978 1370 ,
1325 1333 1329 1342 ·
1436 1345 1440 1354 .

418 1429 428 1441 ·=
504 1387 576 1460 ΙΙΙ.
628 1377 969 1460 Cartesrusallerit
987 1382 1126 1460 lumen
1152 1381 1360 1462 consistere
1382 1379 1424 1460 in
1439 1383 1648 1483 prellione,
1672 1383 1746 1460 seu

408 1483 616 1585 agitatione
642 1479 802 1562 secundi
830 1481 1018 1562 elementi
1041 1481 1088 1559 ad
1116 1486 1253 1564 oculoe
1274 1485 1394 1586 usque
1420 1485 1573 1566 nostros
1600 1483 1745 1584 delati3

409 1611 496 1668 nam
518 1609 607 1665 cum
628 1583 785 1662 materia
801 1583 920 1684 primi
938 1585 1146 1683 elementi,
1171 1609 1219 1663 ex
1262 1611 1310 1666 ua
1325 1587 1440 1686 ignea
1459 1611 1627 1684 corpora
1639 1610 1747 1663 com-

406 1699 625 1790 ponuntur,
642 1683 837 1765 materiam
858 1683 1098 1786 adjacentem
1117 1613 1275 1768 secundi
1295 1689 1504 1788 elementi,
1520 1711 1592 1786 per
1607 1683 1743 1767 omnia

408 1787 596 1889 diaphana
632 1810 810 1886 corpore
825 1783 1002 1866 diffusam
1032 1787 1087 1864 fic
1112 1790 1306 1890 exagitat,
1333 1806 1381 1869 ut
1411 1802 1604 1870 commota
1633 1809 1746 1886 orga-

253 1945 257 1955 ·
329 1929 331 1938 ·
407 1915 500 1972 num
525 1886 631 1978 visus
654 1887 821 1990 afficiat:
857 1887 1069 1994 Quomodo
1097 1887 1182 1968 lere
1207 1891 1314 1972 funis
1351 1904 1416 1972 aut
1442 1891 1627 1990 baculus,
1652 1890 1745 1965 alte-

374 2059 379 2068 .
406 2017 459 2073 ra
477 1991 533 2070 sui
567 2003 674 2088 pane
698 2002 949 2090 commotus,
980 1989 1158 2071 vicinum
1191 1992 1302 2072 alten'
1336 1990 1566 2077 extremitati
1600 2015 1748 2094 corpus

408 2108 553 2176 movet.
767 2141 784 2162 .·
999 2151 1007 2170 i.
1130 2142 1135 2152 =
1721 2131 1726 2140 ·

444 2245 454 2272 ‚
503 2196 578 2273 IV.
637 2188 793 2271 Rationi
818 2189 938 2289 magis
960 2187 1017 2268 est
1043 2189 1348 2272 consentaneum
1381 2195 1516 2272 dicere
1541 2215 1632 2273 cum
1659 2209 1737 2269 car-

409 2303 476 2398 aefio
500 2327 528 2373 .·,
546 2295 703 2372 Lumen
730 2291 803 2398 elle
827 2289 1070 2371 substantiam
1106 2318 1127 2368 a
1157 2291 1292 2374 lucido
1319 2293 1488 2396 corpore
1514 2289 1706 2373 diuersam
1727 2317 1741 2392 3

409 2419 491 2474 non
524 2415 623 2471 vero
654 2393 760 2492 quod
795 2403 934 2471 Naurono
966 2390 1109 2491 placuit
1141 2393 1424 2494 effluviaignis
1453 2393 1743 2492 substantialia,

408 2517 501 2598 quae
527 2489 624 2570 reali
648 2491 808 2573 tranfitu
832 2509 1121 2594 propagentur,
1146 2513 1235 2574 cum
1267 2495 1421 2577 facilius
1446 2495 1490 2572 fit
1517 2496 1744 2595 concipere,

404 2592 511 2701 quod
529 2595 595 2672 lux
619 2599 857 2692 permotum
879 2592 1536 2712 communicetur,quemadmodum
1559 2597 1683 2676 sonus

494 2703 559 2780 .V.
611 2693 650 2777 Si
676 2695 743 2778 lux
762 2696 989 2776 consisteret
1006 2693 1047 2775 in
1064 2697 1615 2798 profluum-substantialibus,
1638 2722 1745 2778 nun·

408 2799 516 2917 quid.
535 2797 591 2878 sol
620 2797 873 2898 jamdudum
903 2797 986 2898 post
1012 2819 1226 2897 perennem
1255 2813 1311 2878 tot
1328 2799 1563 2879 saeculorum
1590 2817 1743 2876 emana-

407 2919 556 2982 tionem
588 2898 867 2999 magnitudinis
889 2901 973 2982 luae
998 2897 1138 2980 mlilset
1158 2897 1365 3002 jasturam,
1390 2913 1454 2980 aut
1477 2900 1632 2998 penitus
1661 2903 1741 3001 jam

409 3001 543 3078 millet.
562 3003 841 3098 consumptus?
1161 3011 1163 3016 ’
1349 3041 1355 3065 ··

452 3105 457 3114 '
511 3101 583 3179 VI.
635 3100 673 3174 si
701 3101 767 3177 lux
786 3095 876 3174 effer
891 3095 1131 3194 profluvium
1154 3099 1275 3202 ignis,
1298 3115 1396 3182 tunc
1414 3103 1481 3182 ubi
1501 3101 1558 3180 est
1575 3100 1662 3201 plus
1689 3095 1740 3175 de

408 3192 524 3296 igne,
550 3191 716 3276 deberet
741 3197 855 3276 etiam
879 3195 966 3294 plus
996 3191 1070 3272 effe
1104 3194 1154 3274 de
1181 3201 1301 3305 luce,
1336 3205 1373 3284 δι
1406 3202 1458 3282 src
1498 3201 1539 3279 in
1565 3201 1742 3304 calente,

409 3319 492 3374 non
521 3312 649 3376 tamen
675 3293 872 3374 candente
893 3295 1000 3376 ser'ro
1025 3295 1113 3396 plus
1137 3299 1227 3381 ellet
1249 3304 1376 3405 lucis,
1402 3325 1518 3406 quam
1547 3303 1590 3384 in
1616 3313 1742 3403 aere,

408 3397 516 3503 quod
538 3413 665 3479 tamen
691 3397 946 3501 experientiae
968 3419 1167 3498 repugnat.
1434 3401 1438 3410 '
1597 3461 1602 3471 .

511 3501 606 3582 Vll.
655 3503 741 3582 Lux
757 3503 885 3581 Lunae
918 3497 1114 3580 inlocum
1143 3502 1289 3604 speculi
1317 3505 1473 3586 caustici
1499 3503 1664 3583 colleiia
1684 3503 1741 3582 se-

410 3625 456 3681 re
485 3601 700 3705 quinquies
727 3603 871 3680 clarior
897 3601 1093 3703 apparuit,
1121 3602 1300 3707 quamsit
1327 3607 1395 3685 lux
1445 3603 1655 3706 lenilunii3
1683 3603 1739 3684 ni-

411 3703 465 3780 hil
492 3720 620 3782 tamen
647 3701 860 3808 quidquam
887 3703 1028 3782 caloris
1053 3703 1122 3780 fibi
1148 3702 1267 3784 inelle
1291 3633 1488 3809 prodidit,
1514 3719 1600 3786 utut
1630 3729 1738 3786 aecu-

408 3803 630 3886 ratiffimum
653 3807 971 3886 thermometrum
991 3805 1256 3906 applicaretur.
1290 3813 1417 3910 uptam
1433 3817 1470 3886 de
1485 3809 1734 3910 unciamque

413 3911 521 4004 1699.
552 3906 677 4006 Igitur
695 3907 801 3985 calor
818 3935 838 3986 a
856 3907 945 3988 luce
963 3905 1138 3984 diversus
1154 3909 1220 3986 est.

509 4011 538 4105 l.
566 4032 650 4104 425.
700 4005 766 4086 nd
785 4012 815 4084 Ι.
848 4007 1071 4086 Aristotelis
1091 4004 1270 4085 delinitio
1289 4007 1497 4090 obscurum
1515 4033 1585 4110 per
1602 4005 1736 4086 obscu·

410 4127 497 4194 rum
527 4107 711 4206 explicat,
734 4105 907 4208 ideoque
934 4107 1113 4212 sustineri
1142 4107 1246 4186 haud
1279 4111 1411 4207 potest.
1497 4106 1740 4192 scholasticis·

376 4219 377 4224 '
409 4227 620 4288 occurrere
650 4231 816 4306 pronum
842 4208 930 4306 est,
957 4203 1154 4308 quomodo
1179 4209 1283 4291 enim
1313 4211 1381 4292 lux
1403 4211 1651 4390 refleditusr,
1677 4233 1732 4288 re·

1608 4335 1685 4400 rm·

1876 4305 1879 4418 l
