3782 4958
465 451 541 556 436
900 457 1166 538 Sacr1ou1a
1192 460 1272 538 tr.

415 635 641 737 concipiat,
667 648 780 740 atque
806 649 1032 737 opportune
1059 637 1296 741 conservet,
1324 643 1362 728 da
1411 667 1465 724 uo
1496 645 1749 728 instrumenta
1861 655 1863 732 4

381 761 385 770 ’
415 737 655 837 ejuscemodi
686 739 899 820 vetustiora
932 738 1047 834 sunt,
1082 741 1297 843 puriusque
1332 671 1545 847 exiiccata,
1579 771 1630 831 eo
1668 747 1748 826 funt

416 843 531 922 etiam
557 841 793 924 sonantiora
860 838 985 944 Quod
1013 837 1042 915 fi
1069 849 1217 922 tremor
1239 843 1479 944 ejuscemodi
1508 845 1643 928 sonori
1669 873 1749 928 cor-

417 945 524 1042 poris
557 943 598 1020 in
633 955 762 1048 aerem
795 939 1031 1040 apertum&
1059 938 1226 1020 calidum
1253 964 1521 1050 propagetur,
1551 951 1747 1048 minorem

416 1044 600 1124 excitabit
623 1043 783 1140 sonum,
808 1066 920 1146 quam
947 1041 1148 1122 frtremor
1173 1043 1266 1142 ille,
1291 1046 1329 1126 dr
1356 1045 1554 1132 subsultus
1578 1052 1627 1128 ab
1654 1049 1781 1151 adja-.
1862 1063 1863 1098 ³

415 1159 528 1224 cente
555 1151 645 1226 aere
670 1141 816 1244 frigido
842 1143 880 1224 te
906 1139 1088 1255 densiore
1111 1144 1379 1244 exciperetur3
1405 1151 1473 1230 hic
1497 1176 1668 1254 namque
1685 1162 1751 1231 aer
1862 1233 1863 1238 p

416 1249 474 1328 est
497 1247 567 1328 illo
597 1246 720 1326 multo
746 1266 867 1342 magis
890 1245 1099 1356 elidicus,
1133 1261 1246 1346 atque
1277 1267 1486 1347 exceptum
1516 1253 1748 1352 tremulum,
1861 1247 1863 1260 '

416 1348 455 1427 dr
487 1347 767 1430 subsultorium
804 1363 952 1426 motum
977 1344 1146 1424 feliciori
1176 1345 1395 1430 imitatione
1417 1350 1616 1434 diffundit.
1695 1359 1749 1432 At

417 1473 517 1530 vero
543 1451 571 1528 si
598 1459 665 1530 aer
681 1446 830 1528 clausus
855 1444 1043 1526 reddatur
1069 1443 1247 1546 calidus,
1281 1451 1395 1530 sonus
1419 1451 1462 1536 in
1491 1479 1540 1536 eo
1566 1466 1659 1536 a'ere
1688 1478 1750 1532 ex-

416 1553 559 1633 citatus*
580 1551 722 1632 fortior
747 1547 850 1649 erit,
888 1573 999 1654 quam
1028 1545 1057 1624 fr
1092 1548 1135 1626 in
1164 1549 1290 1628 clauso
1319 1550 1462 1634 eodem
1488 1565 1579 1638 aere
1604 1553 1751 1656 frigido

418 1653 662 1753 eliceretur3
696 1650 788 1754 quia
811 1672 954 1750 nempe
980 1649 1088 1727 calor
1113 1649 1283 1730 conclusi
1305 1657 1406 1732 aeris
1421 1671 1535 1758 auget
1549 1658 1751 1738 elasticita·

365 1837 369 1855 ,
416 1769 516 1834 tem:
534 1751 654 1836 Unde
673 1751 942 1853 consequitur,
955 1750 1097 1832 ceteris
1107 1750 1262 1848 paribus
1276 1752 1415 1834 sonum
1430 1759 1569 1862 hyeme
1583 1761 1752 1858 rigente,

416 1855 570 1958 naeu,
603 1871 716 1958 atque
740 1851 911 1934 inomni
952 1850 1164 1950 compresso
1191 1861 1282 1932 aere
1309 1853 1384 1932 effe
1400 1862 1610 1962 majorem,
1635 1883 1751 1962 quarn
1862 1873 1864 1958 s

414 1957 589 2041 interdiu
614 1959 766 2058 aestate,
781 1973 844 2038 aut
869 1956 909 2034 in
927 1967 1120 2036 attenuato
1142 1961 1234 2032 aere
1256 1955 1385 2036 minus
1412 1983 1463 2038 ue
1486 1959 1657 2044 elastico.

246 2071 330 2155 Qu
345 2057 424 2158 fiat.
516 2067 546 2164 t.
570 2073 659 2164 482·
711 2061 835 2139 Porro
858 2055 1103 2169 maxima-eft
1123 2067 1307 2137 tonorum
1333 1988 1544 2164 maiititudo
1561 2077 1675 2166 atque
1695 2057 1751 2138 di·

249 2161 359 2236 riiaoae
417 2163 606 2262 versitas,
643 2159 807 2242 musices
839 2157 954 2262 periti
986 2157 1053 2237 altr
1080 2171 1183 2232 intra
1213 2185 1286 2261 10,
1324 2161 1389 2238 alii
1423 2161 1573 2253 intra8
1602 2163 1752 2245 octavas

245 2262 409 2360 apudMu-
422 2291 557 2348 omnes
586 2267 700 2346 sonos
733 2259 987 2373 concludunt.
1063 2259 1272 2372 'sonorum
1298 2260 1472 2358 gravium
1499 2280 1753 2348 acutorumve

237 2363 327 2458 ficos.
422 2365 623 2444 diversitas
645 2391 667 2442 a
692 2362 914 2464 frequentia
937 2359 1202 2442 vibrationum
1228 2383 1298 2438 cor
1327 2363 1406 2443 oris
1429 2364 1561 2457 ⁸sonori
1588 2367 1752 2446 omnino
1863 2363 1864 2372 '

417 2464 581 2545 videtur
604 2462 681 2542 effe
708 2463 949 2564 repetenda:
982 2457 1164 2540 tendatur
1189 2462 1283 2540 chor
1313 2491 1333 2540 a
1358 2465 1573 2566 laxisiime,
1602 2485 1647 2548 ut
1667 2465 1751 2570 post

359 2593 364 2602 ·
416 2565 573 2671 pulsum
605 2564 711 2645 illius
744 2559 1199 2648 vibrationestardiores
1221 2563 1288 2642 seu
1313 2564 1445 2648 itus&
1462 2565 1613 2648 reditus
1630 2567 1754 2650 oculis

418 2669 532 2772 poflis
548 2667 866 2772 deprehendere,
884 2667 1018 2748 nullus
1034 2661 1177 2740 exinde
1192 2663 1430 2765 percipietur
1448 2669 1592 2770 sonus,
1629 2665 1751 2784 Quod
1791 2733 1804 2760 ,
1864 2681 1865 2772 3

418 2771 450 2850 f1
476 2770 621 2852 chorda
646 2769 786 2854 fortius
811 2769 1016 2865 tendatur,
1043 2765 1119 2864 sic,
1144 2781 1188 2880 ut
1207 2767 1293 2864 post
1314 2769 1467 2866 pulsum
1493 2769 1600 2870 illius
1623 2773 1753 2852 vibra·
1864 2781 1865 2786 '

417 2873 546 2954 tiones
572 2878 693 2954 aciem
721 2875 931 2956 oculorum
966 2867 1251 2965 subterfugiant
1285 2869 1337 2944 ob
1363 2869 1644 2973 frequentiam,
1671 2871 1754 2954 stri·
1864 2929 1865 2942 ,

418 2975 494 3056 dor
517 2977 676 3078 quidam
703 2977 770 3054 feu
799 2975 934 3056 sibilus
958 2971 1115 3048 auribus
1141 2969 1352 3070 illabetur3
1387 2971 1560 3074 denique
1582 2976 1652 3054 ubi
1674 2975 1754 3054 for-

418 3080 496 3158 tius
521 3075 649 3158 adhuc
670 3077 776 3156 tensa
801 3077 926 3157 suerit
952 3068 1126 3170 chorda,
1150 3073 1201 3150 ob
1228 3074 1486 3154 creberrimas
1509 3071 1753 3156 vibrationes

418 3181 544 3259 clarus
567 3177 806 3279 percipietur
832 3179 959 3256 sonus.
1046 3181 1202 3252 Verum
1240 3172 1438 3256 undenam
1457 3173 1564 3254 fieri
1600 3175 1753 3256 censeri

420 3279 592 3382 debeat,
626 3273 732 3384 quod
760 3273 918 3358 chordae
953 3271 1138 3356 laxisiime
1162 3273 1287 3354 tensae
1315 3279 1449 3358 nullus
1482 3279 1569 3376 post
1596 3279 1752 3376 pulsum

401 3383 536 3466 'sonus
562 3377 813 3475 exaudiatur,
840 3402 928 3460 cum
954 3393 1083 3456 tamen
1105 3380 1141 3456 dr
1160 3377 1242 3454 illae
1261 3376 1356 3475 ipfae
1379 3377 1644 3479 vibrationes,
1667 3393 1753 3460 utut

416 3486 615 3589 paulisper
640 3481 774 3583 leniae,
789 3483 827 3562 δι
846 3491 975 3562 aerem
1002 3479 1040 3558 δι
1057 3502 1223 3560 nervum
1239 3479 1451 3561 acusticum
1468 3479 1642 3561 feriant?
1681 3485 1754 3560 Ba·

417 3585 476 3669 tio
502 3589 615 3689 hujus
641 3607 755 3664 exeo
782 3585 950 3683 petitur,
975 3583 1082 3684 quod
1108 3583 1219 3683 plaga
1248 3603 1296 3658 ex
1315 3582 1439 3680 prima
1463 3583 1687 3664 vibratione
1704 3580 1753 3658 fic

420 3687 463 3765 in
488 3711 614 3771 nervo
649 3687 826 3768 sensorio
860 3681 1098 3765 consolidata
1123 3683 1201 3784 fit,
1232 3695 1277 3762 ut
1309 3685 1394 3782 post
1427 3683 1650 3764 sensibilem
1677 3709 1753 3762 mo-

418 3812 500 3866 ram
526 3793 600 3871 alia
624 3791 859 3891 subsequens
881 3785 1049 3868 vibratio
1076 3809 1217 3866 novam
1243 3781 1393 3884 plagam
1419 3809 1471 3864 ne
1498 3803 1589 3866 ueat
1610 3785 1653 3865 in
1672 3787 1753 3864 sen·
1863 3787 1865 3822 ²

419 3887 561 4001 forium
588 3917 675 3972 cum
702 3919 810 3972 novo
837 3891 1004 3991 vestigio
1028 3885 1266 3984 refundere,
1295 3813 1518 3968 *in-choria
1535 3903 1662 3970 autem
1679 3913 1755 3964 ma-

420 4011 479 4088 gis
503 3995 608 4071 tensa
633 3991 995 4076 vibrationes·adeo
1022 3993 1247 4096 frequentes
1273 3992 1592 4091 consequantur,
1617 4008 1662 4070 ut
1678 3991 1753 4090 pla·

420 4115 506 4192 gam
530 4095 649 4174 semel
678 4097 820 4176 illatam
850 4095 1085 4178 consolidari
1104 4119 1185 4173 non
1202 4092 1444 4191 permittant:
1479 4105 1592 4195 atque
1609 4094 1662 4172 ob
1681 4093 1754 4170 hoc
1862 4165 1865 4174 i

419 4196 536 4278 sonus
551 4195 593 4278 in
612 4195 807 4298 secundo,
832 4223 915 4280 non
933 4221 1031 4276 vero
1049 4195 1092 4273 in
1112 4196 1239 4295 primo
1259 4195 1348 4275 casu
1362 4195 1592 4296 percipitur.

1577 4302 1706 4432 stra·
1861 4323 1865 4470 p
