3802 4942
466 456 545 555 466.
676 509 680 518 ·
989 443 1202 535 §adamans
1224 447 1312 538 nl.-
1391 495 1446 520 -.

429 649 485 720 tae
509 637 556 718 lit
578 636 770 750 cufiipaato,
795 641 886 744 qttae
912 632 1025 716 etiam
1051 633 1236 718 affettum
1268 637 1400 740 prodit
1422 639 1466 722 in
1494 649 1607 722 motu
1640 633 1755 718 reili-

429 739 570 841 lineo,
601 739 826 822 colorificas
860 739 944 820 illas
970 737 1176 839 particulas
1214 737 1481 840 dispellentea
1524 739 1578 820 lic
1614 751 1755 822 ventus

430 841 587 942 semper
608 843 841 946 refugerat,
875 867 955 922 non
982 837 1139 944 quidem
1165 839 1275 943 quod
1302 859 1443 926 ventus
1468 839 1655 942 frigidior
1684 837 1755 938 fit,

432 967 547 1057 quam
566 969 679 1046 aura,
704 967 754 1022 ex
771 971 847 1121 (huc
867 943 1034 1040 constat3
1063 943 1386 1026 thermometrum
1404 944 1549 1047 quippe
1566 944 1626 1024 ori
1649 938 1758 1018 follis

432 1043 666 1146 applacatum
701 1067 871 1126 aunem
906 1043 1046 1124 caloris
1079 1043 1242 1144 gradum
1275 1059 1409 1147 notat,
1446 1071 1565 1150 quem
1594 1045 1637 1122 in
1662 1049 1755 1119 aire
1866 1111 1867 1144 ᾖ

432 1145 690 1248 quiescente,
723 1168 772 1224 eo
804 1145 913 1246 quod
947 1143 1201 1226 subtilillimae
1236 1145 1320 1228 illae
1350 1147 1452 1226 aeris
1476 1143 1677 1248 particulae
1709 1141 1754 1222 in
1866 1177 1867 1180 Ν

432 1257 524 1326 aere
549 1246 756 1330 fluidantcs
780 1271 862 1326 non
887 1245 1167 1346 peaturbentur
1201 1249 1294 1329 flatu
1319 1265 1561 1350 ventorum3
1596 1255 1755 1344 apparet

430 1361 560 1430 tamen
586 1348 781 1449 sensibus,
805 1361 949 1428 ventus
973 1347 1209 1449 eiuscemodi
1235 1347 1333 1428 salle
1358 1351 1528 1430 causatus
1550 1351 1668 1450 paulo
1688 1343 1755 1420 lti-

429 1449 582 1552 gidiot,
607 1447 715 1552 quod
740 1449 897 1531 fortiori
921 1447 1071 1551 impetu
1097 1449 1282 1554 allapsus,
1308 1447 1450 1530 calidas
1474 1447 1683 1556 particulas
1707 1467 1756 1524 ex

428 1553 562 1634 nostra
589 1565 676 1632 cute
702 1548 888 1655 dispeltat

986 1767 1224 1880 Oljeilimes.

714 1929 840 2028 Rigus
865 1923 1024 2008 videtur
1058 1953 1130 2028 per
1156 1929 1387 2026 Maaistqim
1418 1918 1606 2024 intendi,
1702 1915 1756 2002 cd

741 2027 1003 2130 Pen'pateticis
1026 2031 1185 2132 placet,
1209 2028 1329 2129 igitur
1354 2052 1437 2109 non
1462 2051 1535 2128 per
1559 2023 1650 2103 dele
1865 2039 1867 2114 j

372 2179 380 2192 =
430 2133 706 2238 particularum
733 2131 947 2232 ignearum.
1865 2183 1867 2228 ,

530 2239 582 2313 ΙΙ.
634 2233 674 2314 Si
699 2234 824 2334 faigus
848 2231 926 2310 sola
951 2231 1008 2312 est
1028 2231 1195 2328 caloris,
1218 2229 1513 2330 perturbatique
1530 2241 1655 2309 motus
1676 2229 1753 2330 pri-
1844 2231 1867 2314 ·.³

430 2333 560 2433 vatio,
584 2333 785 2434 quomodo
810 2331 903 2412 fieri
929 2334 1085 2433 potest,
1110 2345 1155 2408 ut
1178 2359 1198 2408 a
1224 2330 1303 2408 sola
1329 2331 1547 2430 privatione
1578 2329 1674 2410 tanti
1701 2329 1754 2410 es-
1865 2337 1867 2386 l

432 2430 558 2513 sectus
582 2443 837 2534 proveniant,
863 2433 985 2514 veluti
1012 2457 1116 2513 mons
1142 2431 1317 2512 hominis.
1865 2499 1867 2512 2

444 2610 451 2622 .
546 2534 575 2635 l·
604 2561 688 2638 523·
738 2532 1014 2636 Respondetur
1030 2533 1077 2613 ad
1095 2536 1128 2611 Ι.
1177 2539 1323 2613 Purum
1354 2545 1572 2632 putumque
1602 2541 1754 2632 lucipert·
1866 2559 1867 2636 j

421 2639 504 2742 flasss
521 2637 577 2716 est
593 2651 877 2736 commentum,
897 2637 986 2738 quis
1001 2635 1106 2716 enim
1118 2657 1181 2714 res
1198 2635 1346 2712 inertes
1361 2629 1674 2734 inanimausque,
1688 2653 1754 2712 ve·
1865 2655 1867 2718 1

431 2736 506 2817 luti
533 2763 668 2844 aquam
694 2735 874 2839 frigidam
899 2753 965 2818 aut
992 2738 1092 2818 cella
1159 2751 1407 2830 commonet,
1433 2751 1478 2812 ut
1498 2733 1546 2810 ad
1575 2733 1752 2814 inimicae
1866 2813 1867 2816 a

432 2840 622 2946 qualitatis
652 2840 801 2922 circum
833 2839 1119 2920 obsistentiam'
1149 2838 1227 2916 ires
1258 2833 1436 2916 intendat
1462 2837 1659 2936 majusque
1687 2833 1753 2912 sri·
1865 2879 1867 2890 ι

432 2963 505 3040 gua
531 2941 750 3044 concipiat3
786 2955 822 3022 at
847 2957 974 3038 aperta
999 2937 1265 3038 experimenta
1295 2941 1524 3114 managamma
1546 2937 1650 3016 illam
1669 2935 1755 3036 pel-¹

433 3038 607 3122 fundana
664 3043 884 3126 Florentini
917 3039 1145 3121 Academici
1169 3065 1237 3123 vae
1260 3037 1364 3137 plum
1395 3059 1484 3117 eum
1508 3035 1756 3118 comminutis

434 3140 594 3236 nivibus
617 3145 895 3246 impleverunt,
917 3143 1057 3243 illique
1081 3142 1397 3220 thermometmm
1406 3137 1679 3219 Florentinum
1696 3139 1755 3216 sua

433 3265 500 3319 um
527 3240 775 3350 indiderunt,
799 3241 904 3349 quod
930 3240 1161 3342 adg1·adum
1190 3241 1268 3337 13}
1295 3239 1543 3342 quiescebat3
1580 3261 1753 3318 moxvas

433 3341 536 3424 illud
563 3345 792 3446 plumbeum
818 3348 861 3428 in
887 3369 1024 3450 aquam
1050 3341 1308 3422 ebullientem
1331 3339 1596 3442 immiserunt‚
1621 3341 1660 3420 δι
1687 3335 1751 3416 de-

432 3447 729 3545 prehenderunt
752 3451 1031 3530 thermometro
1059 3443 1191 3524 indice
1211 3443 1336 3543 frigus
1358 3441 1496 3542 glaciei
1515 3466 1587 3546 per
1603 3455 1752 3520 contra·

433 3546 533 3628 riam
559 3549 660 3631 hanc
684 3547 1093 3629 circumoblistentiam
1118 3545 1216 3623 nihil
1240 3543 1448 3648 quidquam
1473 3540 1628 3625 variari.
1676 3545 1751 3622 Re·

305 3649 311 3668 *
432 3645 511 3726 fert
536 3649 695 3752 quidem
721 3651 990 3752 Mascimlroetms
1015 3647 1139 3726 levas
1158 3669 1323 3750 aqueum
1344 3647 1482 3748 maiori
1497 3645 1652 3728 cuidam
1673 3639 1748 3722 vall
1858 3688 1860 3696 ·

431 3747 593 3834 nivibus
617 3752 734 3850 plenu
762 3746 974 3850 indidiffe,
1006 3761 1091 3829 tum
1112 3751 1234 3850 maius
1265 3743 1366 3826 illud
1398 3773 1466 3828 vas
1490 3742 1630 3846 apertis
1654 3741 1750 3844 igni·
1866 3777 1867 3780 Ν

433 3847 766 3963 busimpoluille,
791 3847 1193 3953 deprehendiffeque,
1225 3873 1296 3950 pro
1320 3849 1471 3930 ratione
1494 3845 1749 3928 diffluentium

435 3971 758 4058 n1mum,aquam
782 3955 882 4033 vasta
903 3950 1074 4034 immerfi
1098 3949 1301 4050 congelari
1320 3971 1333 4050 3
1368 3951 1424 4030 ast
1449 3950 1753 4060 hocdaapenffl

258 4153 261 4162 Ι
344 4151 348 4156 ¹
434 4048 556 4130 tribui
583 4079 662 4134 non
688 4055 839 4156 potest3
876 4056 968 4132 alias
996 4051 1143 4154 quippe
1176 4053 1326 4134 nivium
1356 4050 1482 4154 frigus
1508 4050 1672 4132 deberet
1696 4070 1752 4124 m·
1866 4145 1867 4172 3

433 4149 565 4257 tendi,
581 4179 671 4257 quae
697 4168 827 4236 tamen
854 4153 1048 4236 diffluunt

1569 4281 1703 4382 lam«
1813 4295 1817 4308 ·
1866 4275 1867 4288 '
