3782 4958
369 573 373 582 ,
430 486 507 592 398
692 469 694 474 ’
753 464 797 510 ·’
867 465 1134 582 Securouts
1177 465 1232 544 ΙΙ.

381 673 419 732 ta
446 675 514 750 per
546 646 650 724 idem
685 645 856 726 medium
884 647 1021 725 denuo
1045 643 1290 748 aequabiliter
1309 641 1528 726 decurrant
1551 647 1593 722 in
1622 649 1718 726 MN.

384 761 475 856 Quo
501 751 622 848 major
638 771 736 827 vero
751 749 875 828 fuerit
902 749 1070 846 angulus
1088 751 1144 846 X,
1171 769 1220 822 eo
1243 747 1362 846 magis
1382 747 1568 826 retractus
1584 745 1720 825 radius
1860 793 1866 800 ·

379 853 432 932 ad
458 847 817 950 perpendicularem
845 848 1029 948 accedet3
1064 874 1151 926 nam
1175 849 1248 927 CX
1273 849 1336 926 test
1365 845 1476 926 radio
1501 845 1717 946 incidenti,

386 957 424 1035 de
449 958 513 1032 SX
536 951 591 1030 est
616 948 728 1030 radio
749 949 917 1030 resratto
937 947 1295 1048 perpendicularisg
1323 947 1445 1048 igitur
1462 975 1541 1028 non
1565 949 1621 1028 est
1649 971 1717 1024 ne-

385 1053 527 1138 ''cellum
545 1067 724 1154 repetere
752 1049 1029 1132 refractionem
1057 1052 1103 1126 ab
1124 1048 1347 1128 attratlioue
1370 1050 1603 1134 mediorum.

386 1170 392 1182 “
485 1159 558 1234 ΠΙ.
612 1160 753 1250 (ἔνιψα
778 1151 966 1230 dicebat:
1001 1148 1094 1228 ideo
1122 1149 1324 1232 retractam
1361 1151 1489 1232 lucem
1515 1150 1557 1226 in
1582 1149 1716 1229 medio

387 1256 560 1338 densiori
588 1249 661 1331 elle
686 1252 952 1333 velociorem:
978 1253 1069 1356 quia
1095 1276 1236 1350 nempe
1265 1250 1445 1330 denfiora
1472 1275 1636 1354 corpora
1659 1277 1718 1330 ar·

386 1360 528 1440 {tiores
550 1379 668 1454 poros
693 1355 865 1452 babent,
897 1375 1029 1452 neque
1063 1351 1262 1450 patiuntur
1289 1367 1366 1430 tam
1392 1353 1506 1432 facile
1533 1351 1631 1432 lucis
1657 1377 1717 1429 ra·

273 1541 277 1552 ,
387 1459 492 1540 dium
515 1457 561 1535 ab
588 1453 824 1560 agitatiffimo
846 1463 937 1532 aere
955 1453 1126 1554 turbari,
1145 1479 1188 1532 ac
1204 1451 1420 1556 debilitari;
1446 1455 1568 1556 igitur
1583 1473 1717 1556 neque

386 1561 451 1640 hic
475 1555 645 1638 attrattio
661 1551 1132 1656 Neutonianaquidquam
1151 1571 1346 1652 operatur.

486 1663 558 1738 IV.
632 1662 754 1756 Wolffim
782 1664 936 1734 elamme-
951 1663 1057 1732 Mrrh.
1098 1665 1184 1734 Tum.
1214 1679 1345 1761 wag.
1383 1681 1459 1756 177.
1486 1657 1568 1734 adr.
1599 1662 1717 1731 Gener.

280 1825 282 1830 .
384 1761 525 1860 tradit,
548 1759 590 1837 in
614 1753 850 1838 retractione
874 1755 949 1832 elle
974 1755 1098 1836 finum
1122 1755 1254 1855 anguli
1278 1755 1507 1840 incidentiae
1523 1754 1571 1836 ad
1588 1753 1716 1856 finum

387 1863 518 1964 anguli
544 1857 791 1942 retractionis
817 1857 860 1942 iu
882 1855 1256 1958 constantiratione,
1282 1882 1327 1936 ea
1347 1857 1518 1964 scilicet,
1544 1877 1638 1973 quae
1655 1856 1715 1934 est

385 1963 566 2046 'celeritas
590 1963 746 2044 luminis
770 1977 861 2043 ante
883 1955 1188 2066 retractionem,
1214 1956 1261 2045 ad
1284 1961 1519 2040 celeritatem
1537 1952 1715 2056 ejusdem

386 2069 472 2170 post
498 2063 772 2146 resrattionem
801 2094 810 2142 :
848 2064 976 2164 Igitur
1001 2063 1104 2144 smus
1127 2069 1260 2167 anguli
1283 2062 1511 2148 incidentiae
1534 2057 1571 2138 dt
1595 2051 1716 2138 refra-

387 2167 654 2270 ttioniqnon
678 2169 763 2248 sunt
789 2166 830 2246 in
855 2166 1057 2266 reciproca
1074 2169 1226 2248 ratione
1241 2169 1504 2250 uelocitatum..

239 2317 337 2376 Em,
491 2276 521 2370 d.
551 2278 637 2370 436.
697 2265 763 2349 Ad
783 2271 814 2348 Ι.
853 2267 1071 2347 Fermatr'us
1098 2287 1231 2350 contra
1263 2283 1479 2349 torrentem
1513 2263 1720 2366 experien-

216 2401 362 2478 qmmpt
386 2386 454 2450 trae
479 2368 718 2470 quotidianae
739 2370 892 2466 nititur,
909 2389 1040 2471 neque
1061 2368 1243 2448 abhorret
1260 2395 1280 2448 a
1297 2370 1401 2453 reita
1420 2363 1717 2472 philosophandi

392 2469 543 2548 ratione
573 2467 750 2566 pluribus
772 2469 968 2570 partibus,
994 2469 1036 2548 in
1067 2465 1239 2551 densiori
1262 2493 1432 2574 corpore
1458 2467 1717 2570 congregatis,

387 2571 576 2671 majorem
609 2567 821 2649 attrahendi
847 2570 927 2649 vim
955 2569 1198 2671 attribuere,
1236 2597 1352 2674 quam
1383 2570 1634 2675 paucioribus
1670 2567 1717 2646 in

386 2669 527 2756 rariori
553 2694 742 2772 corpore,
768 2667 1129 2775 quodNeutoniani
1148 2670 1202 2750 sat
1216 2671 1412 2756 luculente
1433 2671 1717 2770 demonstrant,

387 2797 477 2854 cum
494 2771 665 2853 attractio
683 2772 727 2851 fit
742 2795 956 2874 corporum
972 2771 1190 2871 proprietas
1201 2775 1407 2870 generalis.
1429 2779 1489 2874 (q.
1507 2777 1616 2874 180).

488 2874 555 2954 Ad
571 2877 622 2953 ll.
682 2875 786 2954 Huic
811 2872 994 2953 Purchoti
1021 2875 1266 2976 aliorumque
1298 2871 1607 2955 Cartefianorum
1632 2873 1719 2954 sen·

388 2973 526 3052 tentiae
548 2975 727 3076 obiistit,
760 2973 867 3077 quod
901 2973 1178 3052 refractionum
1203 2975 1463 3074 phaenomena
1498 2975 1537 3054 in
1567 2997 1610 3054 ea
1646 3001 1717 3054 ne-

388 3081 531 3172 queant
557 3076 772 3176 explicari3
808 3074 847 3152 si
882 3075 990 3149 enim·
1019 3071 1108 3151 baec
1131 3073 1317 3156 retractio
1345 3077 1446 3158 lucio
1469 3077 1511 3157 in
1543 3077 1720 3156 denfiori

387 3171 521 3254 medio
555 3203 575 3254 a
601 3177 812 3256 refistentia
838 3171 1056 3272 repetitur,
1089 3175 1268 3276 nunquid
1295 3179 1516 3280 Crtstalla,
1536 3179 1722 3280 vitrum,

250 3351 253 3362 ,
389 3273 442 3352 sal
463 3298 628 3374 gemmae
646 3275 769 3374 magis
781 3271 1007 3387 resisterent
1022 3270 1232 3355 incidentis
1247 3267 1511 3381 radii'puntto
1533 3285 1580 3379 C,
1598 3307 1719 3386 quam

289 3439 291 3444 .
387 3401 485 3476 aqua
509 3377 575 3452 vel
602 3375 754 3475 spiritus
778 3397 896 3474 vm13
944 3376 1077 3456 Eccur
1099 3391 1227 3459 tamen
1249 3404 1347 3482 aqua
1374 3379 1521 3462 radium
1548 3407 1595 3460 ex
1623 3391 1718 3460 aere

386 3475 626 3555 incidentem
651 3475 769 3574 magis
795 3473 842 3552 ad
867 3473 1230 3576 perpendicularem
1258 3480 1487 3585 detorquet,
1513 3507 1630 3583 quam
1657 3477 1718 3560 'vl'-

385 3593 488 3658 trum
517 3589 582 3654 aut
608 3575 841 3678 crystallus?
874 3601 944 3654 cur
970 3577 1072 3658 lucis
1089 3577 1270 3659 resratlio
1297 3605 1346 3658 ex
1357 3593 1452 3663 aere
1480 3584 1519 3662 in
1536 3584 1715 3681 spiritum

379 3678 471 3760 ,vini
498 3678 674 3758 omnium
698 3681 829 3780 prope
846 3677 902 3758 est
921 3677 1150 3758 lortillimal
1202 3679 1377 3782 Ideoque
1395 3684 1641 3764 commodius
1654 3705 1714 3760 re-

380 3777 613 3956 graffiodilla
647 3807 667 3859 a
692 3780 829 3882 majori
854 3782 920 3860 vel
948 3779 1092 3860 minori
1125 3779 1351 3862 attraftione
1374 3787 1543 3887 partium
1564 3787 1624 3868 est
1647 3782 1716 3862 de-

400 3903 516 3960 umen
551 3909 581 3958 a.
1305 3945 1308 3950 .
1490 3921 1493 3926 -

484 3981 550 4058 nd
568 3983 637 4059 111.
689 3979 872 4062 Credunt
889 3975 1099 4062 Cartefiani
1109 4037 1121 4078 ,
1143 3981 1288 4066 lumini
1306 3983 1519 4064 faciliorem
1538 3987 1717 4086 praeberi

379 4079 582 4169 ‚tranfrtum
610 4107 630 4156 a
657 4078 806 4159 duriori
833 4105 1027 4178 corpore,
1060 4106 1175 4180 equam
1211 4107 1230 4156 a
1256 4085 1426 4184 rariori,
1453 4089 1505 4163 ob
1533 4087 1716 4168 stabilita

380 4187 458 4304 tent
480 4201 697 4280 potorum,
719 4203 800 4296 non
826 4197 952 4262 autem
978 4179 1170 4279 probant:
1199 4205 1331 4288 neque
1359 4187 1448 4286 talia
1470 4187 1513 4269 in
1538 4189 1611 4274 hac
1634 4208 1715 4296 tao-
