3802 4942
196 427 199 432 Ι
331 469 597 554 heum
622 463 1230 596 DeCauouudrFruooxu.
1342 465 1419 570 4⁶7

237 662 271 760 t.
300 678 391 762 524·
435 655 529 734 Utut
552 649 668 752 haec,
702 654 798 752 quae
828 647 879 727 de
903 649 1054 751 frigore
1087 675 1178 730 mox
1210 649 1321 732 allata
1353 651 1618 755 sunt,congele

137 757 336 842 communi
363 753 613 858 Physrcorum
640 752 791 833 calculo
816 753 1058 852 probentur,
1093 753 1225 830 mirari
1251 770 1380 832 tamen
1407 756 1518 833 su-rto
1535 781 1614 856 qua·

137 865 218 964 bit,
242 855 354 964 quod
380 858 524 936 summa
549 855 706 952 ingenia
724 853 767 932 in
786 851 1015 953 explicanda
1039 855 1342 960 congelationis,
1369 856 1634 962 quaemodrfiott

137 966 277 1064 utique
303 958 349 1038 ad
375 957 496 1055 frigus
521 955 712 1057 pertinet,
738 967 872 1036 natura
897 970 1102 1055 tantopere
1121 957 1191 1033 fibi
1210 957 1380 1037 invicem
1400 959 1466 1036 ad-

139 1065 380 1146 versentur:
424 1069 590 1156 currcstam'
623 1056 813 1158 siquidem
847 1083 927 1138 uno
950 1061 1061 1141 velut
1085 1082 1155 1136 ore
1181 1085 1317 1140 omnes
1345 1079 1465 1142 tuen-

140 1180 232 1265 tur,
258 1164 336 1242 sola
360 1162 547 1240 elementi
572 1159 630 1241 sui
657 1155 817 1248 secundi
844 1159 975 1252 quiete
999 1159 1198 1264 inaquam
1225 1161 1383 1258 fluidam
1404 1164 1466 1242 in-

145 1265 238 1350 duci
266 1263 451 1345 duritiem
473 1260 599 1364 polle,
626 1259 678 1340 ita
705 1271 749 1343 ut
774 1259 902 1342 amisso
917 1262 1190 1364 particularum
1209 1262 1366 1344 suarum
1386 1291 1468 1344 mo·

142 1385 188 1451 ω
215 1367 358 1470 glacies
383 1365 475 1444 fiat:
513 1365 583 1444 CI.
607 1368 773 1444 Barbarae
796 1378 831 1442 m
857 1369 998 1442 Element-
1025 1371 1159 1464 elpram
1186 1361 1302 1443 docet
1317 1396 1326 1444 τ
1342 1445 1346 1452 ,
1362 1367 1468 1470 quod

147 1472 177 1550 fi
204 1467 332 1571 ignis,
358 1467 428 1568 qui
451 1466 556 1542 intra
582 1463 708 1542 omnis
734 1487 849 1565 aquae
879 1465 1043 1545 latebras
1069 1463 1325 1565 copiofiffime
1349 1469 1473 1548 conti-

142 1592 282 1670 netur,
308 1566 406 1646 adeo
432 1567 620 1667 exspiret,
646 1582 712 1646 aut
737 1563 918 1668 deficiat,
951 1580 996 1650 ut
1021 1567 1339 1648 thermometrum
1367 1569 1471 1648 intra

144 1702 194 1778 32
218 1671 358 1752 caloris
382 1667 546 1769 gradum
571 1667 821 1767 retineatur,
860 1683 943 1748 tum
981 1667 1139 1749 demum
1167 1695 1302 1771 aquam
1331 1693 1472 1752 evane-

144 1778 277 1876 scere,
292 1772 510 1873 &glaciem
537 1768 727 1870 substitui,
745 1781 788 1847 ut
812 1770 982 1869 proinde
1006 1795 1141 1886 aquam
1168 1769 1330 1850 cordate
1357 1773 1474 1851 liceat

145 1875 283 1960 elicere
309 1873 479 1974 speciem
511 1871 677 1950 nativam
703 1869 830 1969 vitri,
863 1898 977 1973 quam
1002 1871 1223 1970 trlgefimus
1247 1875 1385 1955 tertius
1407 1901 1470 1957 ca·

142 1974 405 2092 lorisagradus
430 1970 620 2074 dissolvit,
636 1993 804 2074 quaeque
830 1971 960 2054 rursus
984 1972 1140 2075 majoris
1164 1975 1282 2075 paulo
1307 1975 1469 2077 frigoris

145 2083 358 2162 accessione
382 2073 602 2156 induretur.
660 2072 843 2170 Ejusdem
870 2073 1156 2177 propemodum
1184 2077 1388 2157 sententiae
1416 2079 1476 2159 est
1601 2085 1602 2088 ‘

144 2185 376 2283 Harrsaecterus.
445 2176 506 2256 Ol.
529 2176 769 2277 serrorfiadtus
794 2174 876 2254 vim
910 2176 1048 2276 glaciei
1078 2176 1377 2260 efformatricem
1409 2203 1474 2259 re

144 2282 243 2400 petit
267 2282 314 2358 ab
339 2277 593 2370 attrastioner
621 2273 824 2389 particulas
847 2282 993 2394 quippe
1018 2279 1194 2358 minimas
1220 2305 1354 2385 aquae,
1379 2307 1475 2385 quas

7 2433 9 2438 .
144 2381 375 2486 interjetlus
396 2379 498 2480 ignis
524 2377 697 2480 alioqum
722 2399 888 2474 perenm
914 2381 1123 2484 agitatione
1148 2385 1378 2486 conturbat,
1415 2397 1469 2460 at-

146 2497 229 2588 qud
255 2479 463 2582 distendit,
490 2477 701 2556 deficiente
719 2477 794 2559 hoc
812 2479 904 2580 igne
926 2486 1086 2584 pressius
1104 2481 1174 2559 srbi
1191 2482 1366 2564 invicem
1383 2483 1473 2567 uni-

143 2590 181 2668 ri
208 2587 410 2688 opinatur,
435 2597 480 2664 ut
503 2583 610 2680 juxta
633 2596 862 2660 communes
884 2597 1076 2663 attractionis
1103 2584 1210 2684 leges
1240 2587 1357 2663 etiam
1381 2585 1472 2665 duri

112 2755 121 2766 .
146 2685 326 2790 corporis
350 2683 512 2764 induant
537 2681 729 2780 rigorem,
752 2707 844 2761 mox
870 2681 1004 2766 denuo
1028 2687 1303 2788 amittendum,
1325 2688 1397 2766 ubi
1413 2687 1474 2764 in«

147 2787 339 2892 grediens
368 2785 472 2888 ignis
503 2783 659 2860 sancitas
690 2782 925 2862 attraslionie
959 2784 1162 2864 resciderit
1187 2789 1304 2884 leges.
1378 2789 1470 2865 Non

148 2891 263 2996 pauci
289 2903 380 2969 eum
407 2885 657 2981 Mastrabala
682 2883 956 2982 experimentis
976 2884 1207 2991 quibusdam
1233 2887 1388 2968 subnixi
1409 2885 1473 2965 ad-

150 2997 365 3090 severant,
392 2985 483 3066 fieri
510 2984 823 3063 conclarionem
850 3013 930 3067 non
954 2987 1089 3090 posse,
1125 2987 1210 3067 fine
1230 2989 1472 3092 frigorifera·

153 3092 242 3175 rum
277 3087 517 3195 quarundam
551 3083 856 3188 particularum,
886 3089 1015 3171 veluti
1038 3089 1296 3194 nitrosarunr,
1329 3092 1367 3169 δι
1392 3091 1476 3169 sali-

149 3219 289 3275 narum
315 3187 559 3289 subingrellu
583 3187 625 3264 in
646 3211 800 3290 aquam,
826 3189 875 3267 ab
892 3189 954 3272 his
971 3193 1091 3292 majus
1108 3189 1249 3292 glaciei
1269 3195 1474 3296 volumen,

151 3299 199 3375 ab
225 3293 285 3372 his
320 3293 404 3369 vinr
429 3288 566 3391 glaciei
596 3286 923 3391 diffringentem,
954 3293 1004 3370 ab
1026 3293 1085 3373 his
1117 3293 1474 3396 phaenomenorum

179 3389 400 3481 uorundam
425 3391 734 3504 explicationem,
749 3391 916 3484 sollicite
940 3393 1160 3477 arcessunt:
1199 3395 1346 3496 veluti,
1371 3393 1477 3498 quod

150 3429 330 3579 saevioris
354 3491 592 3598 quandoque
626 3491 786 3590 frigoris
811 3493 1041 3574 interventu
1067 3498 1175 3576 nulla
1200 3497 1272 3576 fiat
1295 3496 1474 3596 congela

150 3601 231 3696 tio,
257 3597 283 3673 fi
306 3595 406 3675 sorte
429 3611 513 3677 tum
538 3597 740 3690 pauciores
765 3593 1005 3694 srigoriserae
1028 3597 1233 3697 particulae
1251 3605 1324 3692 pe'r
1342 3605 1472 3675 aerem

137 3699 230 3780 ¹snat
260 3695 447 3800 diffuse,
536 3697 622 3774 'bus
647 3713 775 3774 tamen
801 3697 994 3779 copiosus
1019 3721 1066 3776 ex
1087 3693 1350 3798 septentrione
1374 3719 1478 3794 prae»

153 3801 289 3880 sertim
316 3799 449 3876 efflatis
474 3795 584 3874 ilico
609 3795 755 3894 glacies
786 3794 969 3897 videatur
1001 3820 1161 3876 ornnem
1187 3795 1262 3873 late
1286 3799 1478 3880 constrin-

154 3923 254 4005 gere
275 3899 495 3999 regionem,
558 3895 753 3998 Nunquid
786 3901 909 3996 ruffus
941 3901 1101 3976 turaldus
1123 3901 1256 3994 lufirtre
1270 3904 1307 3975 dr
1330 3901 1356 3974 t'
1370 3904 1471 3979 arrd:

154 4003 265 4100 Roy'at
291 4007 341 4080 A.
361 4019 469 4098 1722.
494 3999 874 4094 deprehenderunt,
898 3996 1134 4102 quandoque
1159 3996 1285 4094 srigus
1306 4000 1477 4078 menno:

155 4119 285 4215 metro
308 4100 459 4202 indice,
484 4097 750 4196 rigidiffimum
776 4096 920 4176 nullam
944 4111 1075 4178 tamen
1092 4099 1404 4199 congelationem
1423 4119 1475 4180 at·

155 4201 314 4308 rutile,
334 4227 430 4311 quae
456 4199 674 4312 congelatio
702 4223 798 4406 nilo}
813 4198 1017 4408 {uqsecuta
1042 4203 1099 4284 etl
1122 4217 1286 4297 reatum
1307 4209 1473 4403 Boraqam
