3802 4942
463 487 545 581 484
942 477 1165 556 Sucrrorus
1208 473 1263 554 II.

413 657 581 760 triplicis
604 653 834 760 potilllmum
859 649 1020 740 effestus
1045 655 1219 739 elestrici
1247 662 1464 764 neroniana,
1489 669 1562 742 lact
1583 667 1641 768 seu
1660 667 1757 770 phos-

412 767 642 864 phorejc'antta,
668 787 711 840 ac
738 759 911 866 denique
946 774 1020 840 iliu
1044 767 1193 864 sumina
1231 763 1466 865 farraginem
1504 769 1753 865 experimen-

416 877 549 945 torum
574 863 764 946 afferam:
800 865 957 945 demum
991 863 1118 946 causas
1141 863 1405 948 electricitatis
1429 869 1652 972 securiori,
1678 897 1758 972 qua

419 965 575 1070 licebit,
598 967 731 1052 semita
757 969 825 1050 ibo
855 965 1081 1049 divinatum.

288 1081 388 1161 Talus
520 1075 551 1172 h.
581 1095 665 1174 539.
727 1071 949 1174 Machinae,
975 1069 1196 1151 elestricam
1223 1070 1422 1149 materiam
1447 1072 1651 1152 elicientes
1680 1088 1764 1156 tres

251 1197 376 1263 vitreus.
420 1171 652 1272 potissimum
676 1173 790 1256 sunt:
825 1179 912 1252 tulta
930 1191 1041 1250 vitreus
1058 1233 1068 1268 ‚
1087 1175 1209 1276 sphaera
1230 1179 1419 1278 sulphurea,
1445 1187 1485 1254 tr
1497 1183 1601 1278 gulsa
1629 1187 1757 1254 mtrem.

421 1274 563 1352 Tubus
590 1274 738 1356 vitreus
769 1294 849 1358 tres
883 1275 1043 1353 circiter
1075 1271 1196 1376 pedes
1231 1275 1371 1376 longus
1394 1275 1621 1378 assumitur,
1645 1279 1759 1379 cujus

421 1371 635 1456 diametrus
660 1399 707 1480 7,
735 1391 778 1480 8,
803 1375 867 1458 vel
894 1406 918 1478 9
946 1375 1167 1476 linearum,
1190 1374 1418 1458 &soliditas
1433 1379 1525 1458 vitri
1543 1380 1663 1460 unius
1680 1379 1757 1458 cir-

254 1489 408 1568 mxxiv.
422 1479 523 1556 citer
548 1477 698 1560 lineae:
742 1479 885 1561 Altero
913 1499 1088 1562 extremo
1115 1498 1270 1580 apertus
1302 1479 1348 1560 fit
1373 1483 1487 1561 tubus
1515 1481 1587 1562 iste
1615 1487 1677 1581 C,
1707 1483 1760 1562 al-

250 1597 315 1702 sig.
334 1607 368 1686 g.
421 1602 508 1666 tero
534 1579 710 1685 clausus3
745 1595 910 1664 attamen
934 1597 1067 1663 contra
1094 1607 1250 1664 omnem
1282 1583 1521 1664 humiditatis
1543 1583 1759 1683 ingressum

421 1685 645 1766 constanter
663 1685 869 1768 muniatur.
904 1687 1165 1792 Crystallinus
1182 1687 1298 1764 tubus
1312 1685 1512 1768 communi
1530 1686 1634 1766 vitro
1653 1711 1757 1788 prae·

420 1787 647 1868 stantiorem
667 1791 818 1889 praebet
841 1789 978 1888 usum3
1006 1790 1169 1870 fricatur
1188 1809 1315 1868 autem
1331 1805 1397 1867 aut
1417 1787 1515 1868 sicca
1533 1813 1673 1890 manu,
1691 1803 1756 1869 aut

423 1891 552 1974 charta
573 1887 707 1974 bibula
733 1891 781 1970 ad
805 1891 1127 1973 incalescentiam.
1393 1939 1395 1944 ·

255 2007 380 2112 Sphaera
525 2000 555 2098 l·
584 2021 670 2112 540.
722 2001 847 2106 Sphara
864 2001 1053 2101 fialpburea,
1079 2005 1145 2076 aut
1170 1991 1237 2096 qui
1263 1989 1421 2072 meliori
1449 1989 1596 2106 virtute
1619 1992 1758 2095 pollet,

253 2133 368 2186 astrea.
425 2095 568 2198 globus
590 2119 771 2202 vitreuS,
806 2097 927 2180 unius
952 2095 1111 2176 circiter
1144 2097 1181 2176 dr
1210 2095 1313 2176 ultra
1331 2093 1449 2194 pedis
1472 2118 1512 2170 m
1542 2089 1759 2198 diametro,

424 2198 630 2282 soliditatis
655 2201 817 2284 duarum
845 2201 1007 2282 circiter
1032 2199 1221 2280 linearum
1242 2197 1302 2276 axi
1331 2193 1558 2296 adjungitur
1582 2195 1652 2295 (in
1674 2199 1760 2278 lon·

257 2301 526 2396 arriugiori
554 2303 790 2400 ejuscemodi
814 2329 884 2384 axe
910 2303 1043 2384 ferreo
1071 2301 1185 2380 etiarn
1212 2297 1309 2380 duos
1335 2299 1473 2399 globos
1498 2305 1537 2378 A
1562 2295 1599 2374 ἃ
1628 2303 1660 2374 Β
1695 2326 1759 2380 or·

256 2403 317 2507 sig.
335 2433 368 2498 9·
423 2397 519 2475 dine
553 2403 786 2496 collocavi)
822 2407 888 2509 qui
924 2407 1063 2506 globus
1097 2411 1136 2484 A
1160 2427 1232 2504 per
1267 2401 1452 2482 chordam
1489 2406 1523 2484 C
1552 2399 1755 2482 beneficio

422 2500 579 2598 majoris
609 2517 708 2584 rotae
739 2507 780 2585 D
806 2507 1000 2588 velociter
1031 2509 1356 2604 circumrotatur,
1392 2518 1432 2584 ut
1462 2517 1587 2584 autem
1615 2501 1760 2581 incale-

423 2602 531 2704 scat,
567 2605 633 2684 vel
664 2607 904 2708 applicantur
938 2610 1069 2690 eidem
1104 2607 1219 2690 srccae
1246 2628 1404 2706 manus,
1428 2607 1494 2686 vel
1527 2605 1682 2706 pulvilli
1708 2630 1758 2684 ex

425 2705 527 2788 sicco
553 2709 684 2810 corio,
720 2727 785 2792 aut
811 2713 940 2795 charta
969 2713 1105 2792 bibula
1129 2711 1239 2812 prius
1265 2708 1470 2811 calesasla,
1494 2729 1585 2810 quae
1612 2709 1758 2810 charta,

425 2825 488 2891 aut
513 2813 670 2914 pulvilli
705 2815 813 2915 prius
847 2832 983 2918 creta,
1018 2815 1083 2895 vel
1113 2807 1275 2894 contuso
1315 2811 1474 2892 succino
1514 2809 1755 2891 imbuuntur.

256 2925 390 3026 ligno.
424 2919 517 2994 Non
547 2913 709 3018 desunt,
736 2919 801 3022 qui
831 2920 1037 3022 applicatas
1063 2915 1178 2994 siccas
1203 2938 1351 2996 manus·
1368 2939 1452 3014 prae
1479 2911 1654 3014 pulvillis
1679 2913 1755 2991 ele·

425 3015 654 3097 &ricitatem
681 3017 864 3122 adjuvare
897 3015 1172 3120 contendant3
1215 3031 1251 3096 at
1274 3015 1428 3096 inventi
1455 3015 1540 3096 sunt
1567 3015 1754 3118 pulvilli,

412 3119 476 3200 'ob
503 3119 682 3198 timorem
713 3123 950 3204 vulnerandi
976 3143 1112 3200 manus
1147 3143 1219 3221 per
1244 3117 1441 3201 fortuitam
1475 3117 1566 3196 vitri
1600 3116 1754 3198 srattio-

425 3243 547 3318 nem3
583 3245 722 3305 verum
752 3229 875 3308 cautis
898 3225 998 3304 nihil
1024 3220 1263 3325 eJuscemodi
1290 3219 1457 3322 periculi
1483 3222 1618 3302 obstat.
1682 3226 1755 3302 Per

423 3323 597 3424 capsulas
620 3347 749 3408 aeneas
776 3334 885 3432 xii,
917 3327 1121 3432 intenjesta
1154 3327 1241 3428 pice
1266 3325 1304 3403 dr
1327 3324 1478 3424 resina,
1505 3325 1543 3408 δι
1569 3349 1643 3426 per
1667 3350 1753 3404 ver·

425 3431 553 3512 tebras
578 3431 659 3511 ZZ
686 3431 793 3532 globi
821 3441 859 3516 A
880 3437 918 3516 dc
943 3439 973 3515 B
1001 3430 1061 3514 axi
1088 3432 1338 3510 affirmantur.
1396 3425 1560 3508 Aterius
1584 3441 1752 3508 texturae

425 3531 623 3634 machina,
648 3546 816 3634 quatuor
841 3533 1032 3640 cylindris
1057 3533 1215 3633 vitreis,
1247 3530 1313 3633 qui
1342 3535 1430 3611 loco
1457 3531 1667 3630 globorum
1692 3527 1752 3609 ad·

426 3635 543 3720 hibiti
569 3636 754 3738 suerunt,
786 3635 975 3717 instrusta
999 3635 1206 3717 asservatur
1231 3633 1273 3714 in
1298 3633 1455 3714 Musaeo
1478 3629 1750 3735 Academico,

426 3761 516 3840 quae
542 3735 670 3819 valide
696 3738 859 3844 quidem
887 3735 1110 3819 electricam
1130 3735 1327 3818 materiam
1353 3733 1582 3837 exsuscitat,
1616 3733 1754 3815 diffici-

429 3841 505 3919 lius
528 3853 657 3921 tamen
684 3859 969 3942 commovetur,
992 3841 1212 3945 praesertim
1240 3837 1411 3938 longiori
1437 3855 1628 3940 tempore.
1680 3841 1754 3921 Pro

259 3941 582 4024 'T-Xillkvirtutis
615 3942 815 4030 eleitricae
848 3972 896 4028 ex
924 3947 1042 4048 globo
1075 3945 1204 4024 vitreo
1229 3942 1517 4043 propagatione
1541 3943 1754 4044 applicatur

259 4051 322 4150 sig.
337 4069 392 4124 11.
429 4044 586 4124 laminae
610 4053 672 4148 A,
697 4053 764 4128 vel
792 4051 887 4132 tubo
916 4055 973 4144 Ca
998 4050 1063 4130 rel
1090 4046 1192 4129 vesti
1218 4045 1399 4126 terreor
1421 4059 1554 4123 catena
1572 4045 1751 4144 longaex

260 4153 322 4253 Frg.
341 4161 374 4236 8.
428 4146 508 4229 filis
533 4147 671 4230 serreis
697 4169 899 4253 contexta,
925 4153 998 4228 hac
1023 4151 1204 4244 ratione,
1237 4161 1282 4230 ut
1309 4147 1483 4250 lamina,
1519 4147 1584 4226 vel
1617 4147 1752 4249 tubus,
1874 4219 1876 4240 Λ

259 4255 323 4358 sig.
337 4275 393 4335 12.
420 4253 491 4332 ·vel
516 4251 639 4334 verus
664 4254 814 4336 serreus
846 4253 889 4334 in
923 4251 1110 4335 funiculis
1144 4251 1276 4332 sericis
1301 4253 1583 4362 ,cujuscunque
1613 4251 1751 4432 coslorir
1875 4273 1876 4290 ²

451 4409 454 4418 .
1666 4381 1707 4436 u.
