3900 4956
419 467 469 546 32
810 443 1119 522 Pheraeorum
1168 447 1352 526 Pfflsrcss

375 633 537 726 nudula,
565 653 661 733 qaam
680 631 802 734 sperata
830 627 1011 706 mortalibus
1029 629 1086 732 sas
1103 652 1192 728 mm
1228 632 1271 710 ff
1286 655 1473 738 quormque
1491 633 1601 710 Portu
1618 633 1720 732 nostri

376 735 415 812 ah
434 737 517 826 omui
535 749 706 837 temporam
725 741 874 808 memoria
888 731 927 806 de
946 736 1134 835 Philosophia
1149 737 1324 810 mechanico
1339 733 1424 812 uobis
1440 735 1662 830 tradiderunt,
1681 763 1718 812 eo

378 865 432 914 mc
447 835 491 910 ad
506 834 658 914 decimam
673 863 778 908 rorum
794 834 942 935 affurgrre
954 857 1077 938 portatu
1086 895 1097 929 ,
1115 864 1180 939 qua
1195 851 1320 936 proprio
1343 844 1470 926 Motu,
1482 861 1541 944 ptr
1554 842 1715 936 summam

379 951 413 1016 itt
433 947 605 1014 (ieometrsa
618 947 766 1042 peritiam
783 937 942 1012 adiuvenit
959 946 1130 1014 santonos.

228 1053 277 1126 Dr
310 1049 367 1120 Ar·
484 1039 677 1118 XXVIII.
706 1046 894 1142 Principium
918 1039 1154 1138 hylarchicum,
1182 1039 1296 1137 cujus
1322 1037 1471 1118 mentio
1497 1061 1590 1116 mox
1615 1037 1714 1120 fasta

206 1160 296 1230 ruo.
383 1141 460 1256 est,
482 1139 597 1238 iubet
618 1135 714 1242 quid
745 1135 818 1216 iam
833 1137 884 1218 de
905 1145 1033 1220 Archoo
1053 1137 1220 1238 afferre,
1241 1162 1359 1242 quem
1381 1139 1576 1242 superiori
1591 1139 1718 1220 saecu-

380 1245 420 1324 lo
446 1239 613 1342 lnslgnes
633 1163 792 1342 quitIarn
816 1237 911 1339 viri,
926 1249 1056 1318 Thonm
1079 1249 1203 1328 Morus.
1221 1248 1436 1328 Hermonem,
1463 1251 1595 1320 Marcus
1612 1249 1719 1318 Marci

381 1347 486 1426 inter
502 1341 659 1448 phyfica
677 1339 927 1424 statuminare
948 1339 1142 1444 principia
1158 1345 1303 1424 summa
1320 1341 1507 1423 industria
1518 1341 1720 1424 ‘adlabora-

381 1457 510 1545 runt,
534 1467 737 1548 quemque
758 1443 862 1524 idem
889 1441 964 1524 olle
981 1447 1198 1524 voluerunt
1215 1469 1260 1524 ac
1283 1455 1476 1554 Principium
1494 1453 1715 1548 hylarriicom.

380 1547 673 1631 Intellexerunt
698 1559 827 1624 autem
860 1569 933 1647 per
965 1556 1119 1624 msam
1153 1545 1329 1647 spiritum
1360 1547 1553 1650 quendam
1581 1541 1718 1626 mundi

381 1647 666 1748 universalem,
688 1649 756 1728 seu
773 1649 954 1746 animam,
971 1649 1039 1752 qui
1059 1651 1188 1726 omnia
1208 1667 1441 1749 operaretur
1456 1649 1496 1730 in
1514 1649 1720 1728 omnibusr

298 1799 300 1804 ,
383 1751 540 1834 arderet
557 1749 598 1828 in
613 1750 721 1852 igne,
742 1751 901 1831 latraret
919 1749 960 1830 in
988 1773 1110 1846 cane,
1136 1751 1288 1829 luceret
1304 1751 1344 1830 in
1362 1751 1493 1852 sseilis,
1515 1767 1720 1852 vegetaret

383 1859 425 1940 'm
443 1853 581 1955 plantis
599 1851 675 1930 dec.
700 1849 752 1930 ita
763 1869 807 1932 ut
827 1849 1176 1956 quemadmodum,
1192 1846 1233 1967 in
1255 1853 1432 1954 homine,
1443 1879 1520 1934 ceu
1531 1851 1718 1960 quopiam

385 1953 664 2053 microcosmo,
687 1955 815 2034 omnia
825 1969 1012 2053 operatur
1027 1953 1153 2032 anima
1162 1955 1377 2056 rationalis,
1397 1957 1450 2038 ita
1470 1979 1607 2036 omnes
1626 1979 1721 2054 ope-

389 2058 594 2154 rationes,
623 2078 719 2158 quas
747 2055 789 2138 in
810 2057 1055 2157 megacosmo
1082 2053 1262 2160 undique
1288 2057 1580 2158 conspicimus,
1606 2063 1723 2134 archas

389 2165 541 2246 virtute
561 2172 821 2261 peragantur,
851 2157 919 2260 qui
942 2171 1124 2262 tanquam
1151 2159 1276 2236 sorma
1296 2159 1544 2240 substantialis
1566 2159 1721 2260 Peripa·

388 2263 507 2350 tetica
525 2259 657 2344 omnia
673 2284 845 2360 corpora
871 2259 1082 2359 informet,
1110 2277 1377 2364 praeterquam
1405 2261 1619 2356 hominem,
1638 2261 1719 2340 ani·

388 2395 450 2452 ma
473 2359 652 2442 rationali
679 2361 930 2461 praeditum..
971 2367 1134 2442 Formas
1158 2359 1247 2442 alias
1283 2365 1542 2447 substantiales
1569 2381 1724 2460 praeter

389 2474 546 2568 archoum
576 2462 864 2546 &rationalem
893 2463 1056 2544 animam
1086 2461 1170 2544 dari
1197 2483 1403 2568 negarunt.
1472 2461 1637 2548 1ndutta
1667 2461 1722 2562 est

389 2588 519 2656 autem
561 2566 650 2642 haec
697 2563 747 2646 de
782 2574 901 2644 Archoo
940 2565 1131 2646 sententia
1168 2567 1240 2646 hac
1283 2569 1489 2648 occasione
1532 2594 1541 2644 r
1584 2563 1719 2670 quod,

388 2697 481 2760 aum
498 2667 613 2747 solam
634 2667 893 2750 mechanicam
912 2669 1077 2766 partium
1096 2683 1291 2749 texturam
1303 2695 1383 2750 non
1400 2671 1579 2748 sufficere
1597 2663 1721 2768 physr-

389 2781 427 2863 ei
447 2771 604 2881 quidam
622 2771 906 2852 arbitrarentur
926 2769 1042 2849 variis
1066 2769 1283 2852 animalium
1303 2795 1379 2854 ceu
1393 2793 1585 2847 rotomorum
1603 2765 1721 2846 attio.

390 2881 508 2968 nibus
538 2873 813 2975 explicandis,
840 2873 1059 2952 faciliorem
1095 2871 1316 2972 explicandi
1337 2871 1566 2954 methodum
1584 2869 1720 2980 -sense3

390 2987 496 3080 rint,
523 2975 552 3052 sr
580 2975 759 3074 spiritum
788 2974 984 3078 quendam
1012 2973 1270 3055 universalem
1296 2975 1609 3072 constituerent3
1651 2989 1720 3069 qus

389 3081 508 3166 inerti
536 3077 717 3156 materiae
751 3093 882 3158 motus
910 3077 1168 3182 allionesque
1200 3077 1419 3156 conserret.
1479 3079 1605 3156 Porro
1629 3071 1720 3148 haec

389 3177 605 3275 sententia,-
630 3191 721 3257 utut
739 3177 968 3258 verofimilis
989 3179 1067 3278 est,
1101 3193 1232 3260 tamen
1248 3179 1312 3258 vel
1334 3203 1383 3258 ex
1403 3177 1479 3254 hoc
1497 3177 1579 3258 solo
1594 3173 1646 3254 sat
1665 3165 1721 3246 est

390 3286 626 3379 confutata,
655 3281 763 3384 quod
789 3305 933 3360 meram
960 3279 1201 3387 hypothesim
1225 3281 1368 3382 spiret,
1395 3277 1461 3354 cui
1487 3277 1591 3358 nulla
1614 3285 1723 3351 certa

390 3385 516 3492 potest
540 3379 642 3482 apud
670 3383 851 3490 Physrcos
880 3379 1165 3485 argumentatio
1195 3379 1324 3460 inniti.
1376 3383 1430 3460 Ut
1451 3395 1723 3482 praeteream,

392 3487 501 3596 quod
520 3487 755 3586 sequeretur
771 3481 928 3564 admisso
944 3489 1069 3564 Archoo
1085 3511 1097 3558 .·
1116 3483 1290 3562 animalia
1310 3481 1425 3560 etiam
1452 3479 1721 3584 postmortem

389 3592 552 3686 vivere,
580 3583 771 3686 siquidem
787 3587 934 3687 priori,
962 3610 1040 3688 qua
1062 3586 1270 3686 vivebant,
1298 3583 1423 3665 anima
1440 3581 1721 3665 informentur.

209 3701 379 3783 miricis.
494 3689 643 3768 XXIX.
675 3691 860 3789 Gadesridus
882 3691 1053 3766 sudamus
1076 3690 1254 3766 masurius
1270 3709 1418 3768 novum
1438 3682 1572 3764 rursus
1594 3677 1722 3785 Phyli-

392 3814 459 3888 ⁴cae
474 3791 629 3898 systema
644 3788 683 3868 in
706 3790 837 3870 lucem
860 3789 1022 3888 eduxit,
1051 3787 1160 3892 quod
1176 3787 1411 3872 Christianus
1427 3785 1615 3870 Wolffius
1636 3781 1722 3878 ejus

392 3891 603 3992 discipulus
620 3891 807 3972 methodo
833 3887 1140 3971 &uberioribus
1164 3887 1488 3989 explicationibus
1508 3879 1722 3999 ardentissi-

326 4080 328 4086 ,
387 4021 451 4078 me
467 3991 680 4075 illustravit.
733 3995 877 4094 Ajebat
897 3995 991 4074 ille:
1018 3995 1140 4094 prima
1154 4017 1287 4073 rerum
1306 3989 1513 4069 materialia
1532 3987 1721 4092 principia

386 4099 456 4180 seu
478 4097 671 4178 elementa
697 4093 773 4172 effe
795 4103 965 4194 particular
978 4101 1229 4198 fimflr'ciſjr'mar,
1253 4109 1337 4172 omni
1365 4097 1548 4208 rxttnfionr,
1560 4095 1660 4206 ⁸figura
1678 4085 1720 4160 ὕ

383 4205 593 4312 regnaount
609 4221 765 4288 coemes,
792 4221 985 4302 queenon
1002 4195 1285 4300 smteorpora,
1311 4194 1376 4276 sed
1401 4193 1719 4368 principrapgpr-
