3782 4958
292 497 435 578 Pras.
458 491 567 572 XIII.
593 487 665 572 Da
684 490 872 570 eroax
896 513 958 570 ar
988 490 1212 570 Fxrooxr.
1345 515 1423 600 457

240 681 334 758 III.⁴
356 675 551 758 Drachma
576 671 764 754 Bismuthi
790 667 838 748 ad
864 684 943 752 tres
974 669 1172 754 drachmas
1199 675 1354 776 spiritis
1385 675 1471 760 salis

141 773 280 857 marini
296 776 461 880 injetta,
487 771 819 856 effervescentiam
842 769 1024 872 producit
1044 797 1133 854 cum
1151 779 1283 856 calore
1300 801 1440 878 magno
1456 805 1470 881 3

139 879 461 960 thermometrum
474 877 618 979 quippe
635 873 858 956 immersum
875 897 922 952 ex
940 871 1065 974 gradu
1080 901 1128 974 47
1145 875 1193 954 ad
1220 904 1291 982 ¹15
1317 904 1472 980 promo-

139 993 291 1082 vetun.
322 975 443 1084 Quod
464 977 771 1156 experimentum
795 975 837 1054 in
864 1001 988 1056 vacuo
1013 988 1230 1078 tentatum,
1255 995 1399 1078 praeter
1416 979 1471 1056 ef·

138 1079 434 1165 fervescentium
454 1081 490 1160 tc
526 1101 659 1178 omos,
675 1073 861 1174 exiguum
882 1077 1020 1157 caloris
1038 1075 1327 1160 incrementum
1346 1081 1471 1160 osten-

142 1179 222 1282 dit3
249 1182 291 1264 in
310 1188 537 1262 Barometro
555 1193 710 1280 tamen,
731 1175 838 1289 quod
856 1175 1063 1278 recipienti
1082 1181 1351 1281 communicat,
1371 1204 1471 1260 mer·

142 1278 795 1386 curiiisad4pollicesdescend1t
1459 1339 1464 1346 .

239 1384 311 1464 lV.
340 1384 540 1463 Limatura
563 1379 712 1480 stanni,
736 1376 886 1476 spiritui
914 1375 1006 1456 nitrr
1042 1378 1181 1480 injecta
1215 1377 1474 1463 effervescen-

140 1489 231 1568 tiam
251 1484 378 1568 causat
395 1483 619 1582 maximam,
645 1483 683 1564 c
705 1479 814 1560 calor
839 1480 880 1558 in
908 1480 1190 1560 thermometro
1204 1483 1430 1561 mercuriali
1449 1513 1472 1564 a

142 1583 269 1691 gradu
363 1581 452 1682 {ad
473 1608 549 1682 250
577 1579 771 1660 increscit.
841 1585 983 1660 Fumus
1006 1581 1262 1682 copiofissrme
1290 1586 1472 1688 avolans,

141 1689 347 1792 pulmones
363 1683 491 1782 laedit,
524 1681 615 1762 hinc
632 1682 795 1760 maxime
813 1678 1002 1758 declinari
1019 1679 1136 1761 debet
1151 1707 1164 1785 3
1217 1687 1347 1762 Stanni
1364 1683 1470 1764 lima-

99 1792 104 1801 '
141 1804 228 1870 tura
249 1789 292 1868 in
317 1786 446 1866 album
477 1781 620 1862 siccum
647 1782 851 1881 pulverem
879 1783 1133 1864 convertitur.
1182 1785 1229 1863 In
1248 1811 1371 1866 vacuo
1395 1787 1473 1868 hoc
1594 1837 1600 1850 ,

142 1885 450 2005 experimentum
476 1895 647 1964 tentatur
678 1905 770 1964 cum
802 1877 1158 1962 effervescentia&
1192 1885 1321 1964 calore
1347 1889 1474 1968 molto

143 1991 289 2072 mrnori
313 2013 327 2088 3
354 1983 528 2088 quamvis
552 1985 603 2062 ob
634 1983 760 2064 fumos
782 1981 962 2063 volatiles
987 1985 1024 2064 dr
1052 1983 1226 2064 clasticos
1253 1987 1474 2068 mercurius

142 2090 184 2168 in
201 2091 423 2170 barometro
443 2081 663 2164 descendat.
714 2082 823 2162 Idem
854 2105 977 2182 prope
1003 2083 1072 2185 fit,
1098 2084 1127 2162 fi
1153 2085 1346 2166 limaturae
1372 2087 1469 2168 serri

143 2205 207 2272 aut
222 2189 355 2294 cupri,
386 2200 449 2266 aut
469 2183 655 2266 orichalci
679 2181 772 2262 nitri
791 2181 1195 2285 spiritusaffundatur,
1222 2210 1306 2266 cum
1325 2185 1469 2268 minori

141 2311 272 2372 tamen
290 2287 564 2369 incalescentia
587 2313 600 2384 3
651 2285 775 2390 Quod
797 2285 939 2364 sivero
963 2289 1052 2366 loco
1077 2287 1229 2386 spiritus
1247 2287 1342 2366 nitri
1365 2313 1470 2368 com-
1603 2291 1613 2306 ⁰

5 2431 8 2434 ·
142 2391 274 2472 munis
287 2387 496 2490 accipiatur
511 2385 664 2488 spiritus
680 2384 772 2464 nitri
791 2385 1073 2472 Glauberianus
1096 2407 1162 2472 aut
1182 2385 1472 2492 Geoffroyanus

142 2494 376 2672 §lamiam
396 2489 539 2587 VIIL)
564 2501 677 2590 atque
701 2485 894 2566 limaturae
917 2488 1053 2568 Martis
1074 2490 1187 2568 etiam
1209 2489 1251 2568 in
1275 2517 1401 2572 vacuo
1421 2493 1474 2570 as·

159 2589 355 2684 undatur,
381 2602 506 2668 tantus
527 2602 678 2692 tamque
705 2587 938 2686 repentinus
961 2591 1167 2671 enascetur
1188 2591 1319 2693 calor,
1342 2611 1388 2674 ut
1403 2592 1473 2670 im·

142 2693 313 2772 mersum
330 2691 652 2770 thermometrum
674 2687 891 2788 disrumpat
949 2758 952 2767 .
1398 2785 1403 2790 Ι

243 2799 294 2873 V.
320 2789 427 2870 Aliae
442 2786 755 2868 effervescentiae
777 2787 983 2871 calidiores
997 2790 1082 2869 sum
1111 2789 1152 2868 in
1171 2813 1299 2870 vacuo
1321 2791 1469 2908 antliae2
1507 2815 1642 2910 ΒΜ.
1764 2821 1767 2828 ’

144 2917 258 3000 quam
278 2893 318 2970 in
337 2904 470 2990 aperto
495 2901 587 2970 acre
614 2920 624 2968 τ
674 2885 843 2992 AEqualis
859 2892 970 2989 copia
987 2889 1141 2988 spiritus
1155 2887 1273 2990 nitri,
1298 2917 1373 2992 ope
1388 2895 1593 3014 holmum-p²

170 2993 285 3090 arati,
311 2990 607 3070 commisceatur
626 3015 715 3070 curn
732 3015 827 3089 aqua
848 3016 860 3090 3
888 2991 1035 3072 notabit
1049 2993 1365 3072 thermometrum
1389 3019 1471 3096 gra·
1484 3017 1641 3096 cardam

143 3022 239 3174 dum
256 3089 511 3172 increscentis
528 3091 703 3169 calorisa
730 3091 853 3188 gradu
874 3119 925 3196 45
952 3089 1001 3170 ad
1029 3113 1105 3197 533
1138 3091 1181 3172 in
1205 3113 1329 3174 vacuo
1347 3115 1516 3197 euterun,
1530 3143 1639 3200 vam,

144 3193 313 3298 adusque
328 3184 491 3292 gradum
508 3205 554 3294 56
573 3252 574 3256 a
600 3195 637 3274 dc
663 3193 773 3272 ultra.
1139 3259 1143 3266 .

240 3295 313 3373 VI.
339 3289 405 3372 Ad
423 3316 537 3372 unam
549 3245 764 3372 drachmam
783 3291 974 3372 limaturae
988 3290 1377 3379 Martisassundantur
1392 3313 1472 3384 tres

143 3395 341 3474 drachmae
360 3391 518 3492 spiritus
531 3392 616 3470 salis
632 3391 787 3492 marini,
805 3393 952 3474 orietur
968 3391 1264 3476 effervescentia
1280 3423 1366 3482 cum
1378 3425 1470 3503 aug·

142 3511 279 3578 mento
298 3493 435 3574 caloris
449 3521 470 3570 a
486 3493 610 3594 gradu
629 3515 676 3590 47
694 3493 741 3570 ad
760 3522 809 3590 70
827 3518 838 3592 3
871 3518 959 3595 quae
985 3495 1278 3578 effervescentia
1301 3499 1343 3576 in
1360 3525 1471 3600 aper-

25 3676 27 3680 .
141 3613 185 3678 to
201 3609 289 3696 aere
307 3590 353 3673 ad
371 3593 533 3692 gradum
553 3595 735 3674 duntaxat
752 3621 799 3694 57
822 3593 963 3674 caloris
980 3597 1184 3701 procedit,
1208 3599 1246 3680 dc
1273 3601 1468 3682 minorem

144 3697 259 3780 etiam
281 3697 473 3776 limaturae
493 3695 641 3795 copiam
663 3691 839 3778 drliolvit.
1238 3736 1243 3742 ·

245 3799 342 3880 Vll.
366 3795 526 3892 Spiritus
551 3793 645 3876 nitri
673 3819 783 3897 aquae
808 3795 978 3899 pluviae,
1001 3813 1067 3878 aut
1091 3821 1205 3903 acluae
1228 3797 1398 3878 sambuci
1414 3799 1468 3898 as-

138 3899 255 4080 ¹susus
277 3895 462 3998 majorem
489 3894 531 3974 in
558 3921 709 3997 vacuo,
736 3923 850 4001 quam
876 3901 918 3976 in
952 3912 1084 3998 aperto
1115 3908 1205 3980 acre
1237 3900 1376 3982 excitat
1406 3929 1467 3986 ca·

156 4023 280 4083 orem.
1479 4031 1495 4086 ·.

243 4101 358 4182 VIII.
383 4099 578 4180 Drachma
593 4097 731 4192 minii,
756 4101 797 4178 in
814 4121 942 4180 vacuo
957 4099 1091 4182 antliae
1110 4101 1150 4182 ia
1177 4100 1353 4204 spiritum
1374 4104 1467 4184 nitri

140 4197 309 4304 inusta,
332 4200 664 4307 effervescentem
682 4199 843 4386 effidem
868 4228 888 4278 a
913 4197 1044 4308 gradu
1060 4212 1113 4306 46
1130 4203 1178 4290 ad
1204 4221 1253 4302 88
1280 4203 1495 4312 produnt:

763 4327 802 4383 m
827 4324 868 4386 m
1225 4319 1229 4333 '
1327 4329 1416 4387 cunt
1497 4362 1507 4374 =
