3782 4958
469 447 546 584 362
874 455 877 462 ’
966 477 1233 572 Sacrrours
1269 481 1323 564 11.
1369 463 1374 468 ’

419 661 654 744 bullientem
674 659 716 740 in
735 659 923 744 montium
945 663 1159 747 summitate
1175 667 1306 749 minua
1323 667 1473 770 calere,
1499 667 1550 748 ob
1568 666 1749 748 minorem

418 766 640 846 columnam
660 763 759 844 aeris
775 767 1008 869 prementis,
1035 793 1147 870 quam
1165 769 1206 850 in
1224 771 1386 852 vallium
1405 770 1603 870 profundo
1621 797 1633 864 ς
1660 797 1750 876 aqua

415 871 549 970 enim,
576 868 619 948 in
638 870 832 947 montanis
849 869 976 950 minus
994 869 1228 974 compressa,
1254 873 1423 954 faciliori
1443 873 1483 951 se
1501 875 1644 974 patitur·
1660 873 1751 973 ignis

416 970 628 1072 agitatione
650 971 902 1052 commoveri.
962 971 1078 1053 Unde
1105 974 1165 1055 Cl.
1195 983 1324 1078 Cafflma
1341 978 1379 1057 dt
1399 985 1427 1054 lt
1449 985 1597 1055 Monater
1621 975 1662 1052 in
1685 976 1751 1053 cal·

416 1075 618 1154 culatione
639 1071 826 1173 graduum
844 1075 1137 1177 thermometri,
1163 1078 1231 1158 seu
1254 1078 1393 1157 caloris
1410 1079 1451 1157 in
1468 1103 1565 1258 ³th
1589 1075 1747 1156 bullien-

414 1193 483 1278 te,
510 1179 701 1258 rationem
729 1176 842 1258 etiam
870 1176 971 1258 aeris
997 1179 1268 1278 atmosphaerae
1293 1180 1427 1260 haberi
1457 1206 1509 1259 vo
1527 1179 1753 1278 uerunt3&
1854 1197 1855 1200 ‘

420 1280 664 1380 peritissimus
688 1287 866 1359 artronum
892 1277 1183 1384 deprehendit,
1218 1283 1265 1360 ab
1289 1309 1388 1388 aqua
1416 1281 1639 1384 bulliente,
1670 1301 1752 1382 quae

420 1383 513 1462 alias
530 1411 605 1466 212
623 1381 723 1483 ignis
740 1379 884 1482 gradus
898 1407 1015 1482 capax
1048 1385 1104 1464 est
1120 1384 1335 1486 suscipere,
1361 1411 1444 1466 non
1462 1384 1587 1465 attolli
1604 1407 1751 1464 mercu-

418 1483 523 1568 aium
542 1485 808 1566 thermometri
826 1485 872 1564 ad
891 1482 1031 1585 gradus
1052 1487 1242 1587 totidem,
1269 1487 1342 1570 nist
1371 1487 1642 1586 atmosphaerae
1667 1511 1753 1587 pon·

420 1588 491 1669 dus
509 1585 677 1668 eundem
704 1587 939 1668 mercurium
958 1586 999 1666 in
1018 1590 1240 1670 barometro
1256 1588 1303 1668 ad
1320 1603 1369 1682 28
1390 1591 1483 1692 poll.
1502 1592 1636 1672 Rhen.
1654 1599 1753 1668 extu·

421 1691 528 1770 liliet.
582 1695 785 1772 Caeterum
807 1692 850 1772 in
878 1689 1079 1780 axanae.
1105 1692 1336 1792 Anglicanis
1361 1719 1464 1774 num.
1490 1712 1562 1795 197
1595 1691 1751 1768 habetur

421 1793 565 1872 Halle'i
581 1791 820 1896 observatio,
849 1789 955 1898 quod
976 1819 1075 1897 aqua
1094 1795 1302 1910 asrigore,
1333 1785 1426 1898 (juo.
1442 1795 1575 1896 gelare
1602 1790 1752 1892 incipit,

419 1821 574 1988 sedatio
591 1918 663 1996 per
678 1895 846 1976 calorem
865 1920 991 2014 usque
1010 1895 1058 1976 ad
1078 1896 1368 2001 ebullitionem,
1394 1895 1502 1979 auita
1520 1891 1751 1994 sueritvige·
1854 1923 1855 1926 Ν

245 2039 248 2048 ’
421 1997 512 2078 srma
531 1998 633 2078 sexta
649 1996 863 2080 voluminis
883 1999 938 2079 sur
957 2014 1076 2100 parte.

244 2127 403 2219 curaqur
515 2104 544 2204 §-
560 2127 652 2218 403.
680 2100 801 2206 Quod
820 2127 919 2206 aqua
938 2101 1286 2202 paffimextinguat
1302 2103 1467 2219 colpora
1485 2098 1683 2204 ardentia,
1703 2097 1750 2190 ¹id

241 2226 404 2318 agnam.
420 2201 516 2282 inde
532 2219 661 2322 vemt,
686 2203 815 2306 quod,
843 2228 931 2304 cum
951 2203 1054 2283 ultra
1082 2229 1155 2287 212
1184 2201 1324 2303 gradus
1348 2203 1488 2282 caloris
1512 2222 1683 2308 nequeat
1699 2201 1752 2284 su·

243 2323 385 2423 ungunt
420 2307 592 2408 scipere,
618 2306 736 2386 inerti
764 2307 836 2390 suo
865 2303 1091 2411 frigidoque
1118 2307 1280 2424 appulsu
1304 2303 1501 2385 volatilem
1527 2307 1663 2409 ignem
1687 2303 1751 2382 dia
1853 2345 1855 2390 a

419 2407 561 2510 pellat,
588 2409 625 2488 aa
648 2407 727 2486 vias
749 2405 997 2510 praepediat,
1050 2433 1104 2489 uo
1134 2435 1261 2489 mmus
1276 2405 1483 2512 particulae
1504 2407 1637 2509 igneae
1664 2405 1751 2486 delia

413 2507 612 2588 -tescentes
638 2511 684 2586 ab
709 2507 810 2608 ignis
833 2509 986 2592 actione
1019 2437 1280 2590 diluerentur.
1362 2507 1556 2613 Quaedam
1587 2508 1751 2590 ardentia

419 2636 587 2710 corpora
602 2610 724 2694 veluti
752 2613 967 2712 sulphur&
991 2612 1119 2714 picem
1148 2637 1228 2693 non
1257 2609 1481 2712 eminguit3
1508 2613 1601 2718 quia
1616 2632 1749 2712 nempe

419 2709 610 2795 asortiori
637 2714 731 2816 igne
755 2713 1065 2798 cohaerentium,
1077 2713 1353 2815 particularum
1386 2713 1583 2816 sulphuris
1606 2717 1644 2795 ἃ
1663 2713 1751 2820 picis

396 2817 626 2918 repellitur
653 2843 665 2918 3
710 2819 761 2897 src
785 2816 959 2919 ignitio
988 2817 1080 2896 soco
1107 2815 1354 2916 speculorum
1383 2817 1750 2903 Tschirnhausrano·

414 2945 504 2999 -rum
532 2923 814 3020 potentissimus
837 2918 995 3020 repellit
1022 2943 1043 2996 a
1066 2917 1288 3019 porisligni
1315 2916 1523 3018 sphaericus
1546 2943 1660 3027 aquae
1683 2919 1750 2998 cir·
1852 2947 1853 2950 Ν

419 3018 639 3102 cumdantis
668 3023 900 3125 particulas,
943 3016 1128 3122 illudque
1156 3021 1272 3100 etiam
1300 3019 1373 3100 sub
1410 3021 1519 3129 aquis
1545 3019 1748 3105 inflammat
1851 3019 1853 3108 J

418 3126 507 3226 tta
539 3127 595 3223 0)·

272 3251 365 3338 aqua
426 3283 433 3302 ψ,
554 3227 583 3302 Ι.
611 3227 887 3308 Omnesalium
905 3247 1056 3325 genus,
1083 3225 1243 3326 sapones
1265 3179 1396 3302 &alia
1411 3188 1608 3326 permulta
1623 3249 1750 3326 corpo
1852 3205 1853 3208 i

267 3335 376 3412 cunila
417 3323 800 3411 raitadillolvuntur
818 3331 864 3408 ab
893 3353 1010 3430 aqua,
1036 3341 1217 3430 utaequa
1245 3332 1382 3406 corum
1414 3325 1484 3405 fiat
1506 3351 1580 3430 per
1603 3349 1750 3409 omnent

265 3443 365 3542 plait.
414 3455 550 3534 aquam
569 3427 756 3522 diffusior
809 3439 905 3512 Nam
936 3451 1074 3536 aqueae
1092 3427 1296 3531 particulae
1314 3453 1338 3504 a
1354 3425 1488 3508 salinis
1504 3430 1750 3545 vehementer

395 3535 658 3616 'attrahuntur
676 3559 688 3632 3
716 3531 807 3614 hinc
829 3549 957 3614 motus
981 3559 1105 3614 novus
1121 3533 1286 3632 primum
1310 3529 1580 3634 subnascitur,
1609 3547 1687 3613 tum
1704 3553 1749 3609 m

419 3653 739 3816 mentesacpueae
757 3636 984 3735 particulae,
1009 3635 1048 3714 dr
1066 3635 1201 3718 salium
1219 3631 1498 3714 cohaerentiam
1517 3635 1748 3736 superantes,
1851 3631 1852 3666 ³

416 3743 584 3819 minutas
602 3737 639 3818 sa
657 3738 688 3816 is
704 3737 911 3837 particulas
942 3737 1143 3818 excutiunt
1164 3763 1185 3814 a
1208 3735 1358 3839 reliqua
1374 3733 1507 3838 malla,
1532 3735 1683 3840 srbique
1702 3731 1748 3812 as-

417 3841 562 3919 sociant
589 3867 599 3917 t
630 3841 853 3946 ¹Quoniam
880 3863 979 3919 vero
998 3851 1123 3936 partes
1139 3837 1272 3915 salinae
1294 3835 1502 3942 aequaliter
1517 3863 1657 3948 aqueas
1670 3859 1748 3940 par·

416 3955 476 4020 tes
493 3940 713 4042 attrahunt,
737 3941 775 4024 δι
801 3942 963 4021 viciffim
985 3935 1188 4038 aequaliter
1210 3935 1256 4015 ab
1284 3935 1344 4018 his
1368 3941 1641 4042 ahrahuntur,
1665 3939 1748 4022 hinc
1808 4037 1812 4044 ι
1849 4011 1850 4016 a

418 4044 499 4142 est,
525 4038 629 4146 quod
647 4043 791 4124 solutio
808 4042 941 4122 salium
955 4039 1077 4154 certis
1100 4037 1284 4153 limitibus
1301 4041 1558 4123 contineatur.
1606 4047 1657 4124 In
1671 4065 1748 4160 parf

419 4143 520 4222 ciori
547 4169 644 4245 aqua
673 4145 848 4224 solvetur
875 4167 920 4220 ea
952 4141 1102 4216 rmmrffi
1130 4139 1215 4220 sahs
1233 4165 1351 4244 pars,
1377 4169 1471 4246 quae
1495 4143 1554 4224 illi
1581 4161 1746 4249 portiom

418 4267 530 4354 aquae
547 4245 691 4348 poterit
707 4247 906 4346 innatare,
931 4239 1087 4346 reliqua
1111 4242 1195 4328 salis
1212 4269 1300 4350 pars
1321 4269 1404 4328 uon
1431 4243 1683 4333 dissolvetur:
1709 4245 1745 4324 io

1073 4375 1079 4380 ·
1347 4397 1350 4404 ,
1618 4369 1702 4432 cer·

1847 4311 1850 4402 1
