3878 4958
368 545 373 552 -
475 471 550 600 154³-
815 589 828 612 ἱ,
878 505 879 510 '
933 491 1259 578 Sacrroxrs'l.'
1310 567 1314 576 .

422 672 482 768 los
500 687 570 766 CC
588 699 659 782 per
673 682 823 762 clauum
841 688 927 756 utra
954 703 1005 758 ue
1020 679 1062 758 in
1081 692 1191 779 parte
1206 677 1257 758 ita
1277 671 1483 780 copulavit,
1500 686 1547 750 ut
1561 673 1764 754 bominem

424 785 596 870 medium
606 781 909 883 interciperent3
927 705 1223 880 iaenisphaerio
1241 775 1586 886 utriqueadjunfta
1603 781 1761 878 estpot-

425 891 508 973 tula
527 889 567 968 D
587 885 675 969 &E
704 884 851 986 optime
875 880 1157 983 circumclusa,
1184 907 1256 984 per
1306 908 1394 963 uam
1409 879 1556 960 vitium
1578 907 1653 981 pro
1673 885 1760 983 plu.

424 992 526 1074 rium
545 983 697 1071 dierum
714 987 781 1068 efu
798 983 1019 1066 recondere
1039 1009 1082 1063 ac
1104 910 1417 1064 eximereiiceat
1468 985 1674 1086 Nunquam
1692 987 1762 1066 bo}

423 1121 512 1196 rno,
538 1090 609 1172 bac
626 1090 800 1170 machina
816 1086 1075 1189 interceptus,
1094 1086 1288 1186 submergi
1306 1085 1472 1188 poterit,
1488 1085 1585 1263 guin
1604 1090 1683 1166 imo
1698 1106 1766 1170 ret'

423 1191 675 1300 pretiofiores
689 1193 790 1272 intra
814 1191 1081 1290 receptacula,
1108 1204 1172 1271 aut
1198 1189 1310 1268 etiam
1336 1189 1466 1286 proles
1517 1187 1659 1291 efuper
1684 1193 1765 1274 col-¹

424 1299 567 1378 locatas
584 1299 711 1377 secum
741 1297 899 1376 securus
923 1289 1100 1372 devehat.
1154 1297 1247 1398 Quo
1269 1289 1420 1372 facilius
1445 1300 1572 1370 autem
1595 1305 1758 1374 natatum

426 1399 588 1498 dirigat,
613 1396 771 1475 habebit
789 1393 928 1494 plantis
948 1391 1104 1492 pedum.
1119 1394 1167 1474 ad
1195 1393 1321 1472 avium
1348 1393 1557 1472 natantium
1588 1393 1766 1480 similitu-¹.

425 1499 559 1578 dinem
579 1497 808 1600 applicatum
840 1494 1020 1598 corium,
1055 1517 1101 1572 ea
1125 1493 1280 1574 ratione
1305 1519 1378 1594 per
1399 1492 1565 1574 mediam
1591 1494 1760 1576 fissuram

428 1607 503 1696 GH
531 1598 784 1705 dispofimm,
810 1611 883 1698 ut,
909 1596 1012 1699 pede
1037 1611 1237 1698 promoto,
1262 1595 1472 1680 retrorsum
1500 1596 1758 1699 incurvetur3

426 1702 530 1810 pede
545 1719 670 1784 autem
689 1699 906 1782 retrorsum
925 1701 1162 1800 remigante,
1187 1701 1340 1801 planam
1363 1697 1632 1781 extenfionem
1658 1701 1759 1780 obti-

428 1805 551 1910 neat,
583 1799 828 1908 validiusque
852 1815 1048 1884 natantem
1071 1799 1272 1883 hominem
1298 1803 1500 1904 propellat
1565 1803 1761 1884 Machinae

426 1913 539 2016 bujus
562 1904 805 2088 quadruplex
828 1902 1062 2009 potissimum
1080 1906 1170 2018 usur
1198 1903 1274 1984 elle
1298 1905 1451 2008 potest3
1503 1906 1534 1984 1.
1560 1905 1760 2007 Naufragii

427 2029 637 2114 tempore3
665 2007 704 2090 ni
725 2039 736 2089 1
753 2009 836 2090 sors
850 2009 1015 2088 furentis
1029 2005 1143 2108 ponti
1158 2030 1344 2090 immanes
1357 2005 1550 2106 procellae
1569 2021 1762 2087 natantem

430 2126 697 2198 concuterent
748 2116 799 2194 Il.
821 2117 874 2194 In
898 2109 1111 2214 repentinis
1137 2105 1471 2191 exundationibus
1523 2110 1595 2186 ΙΙΙ.
1631 2111 1762 2191 ΒεΙΙοἸ

429 2243 516 2300 rum
535 2231 714 2321 tempore
731 2214 1043 2318 exploratoribus
1059 2211 1250 2295 subeundi
1269 2210 1434 2294 bostium
1453 2209 1573 2290 castra
1596 2211 1763 2292 occasio-

428 2322 520 2402 nem
554 2334 669 2419 parat
728 2321 800 2400 IV.
834 2319 1006 2398 Demum
1032 2315 1342 2397 recreationibus
1370 2308 1551 2414 aquaticis
1581 2311 1762 2395 deservit.

430 2420 558 2504 Simili
577 2420 741 2499 invento
757 2443 882 2522 nuper
899 2421 945 2498 ab
964 2417 1108 2519 Anglis
1133 2414 1371 2520 produftum
1385 2413 1444 2495 est
1470 2429 1622 2498 certum
1648 2414 1765 2501 uesti-

432 2520 556 2604 menti
583 2545 726 2622 genus,
752 2546 832 2621 quo
858 2521 927 2622 qui
955 2517 1154 2622 induitur,
1185 2533 1279 2602 utut
1306 2513 1552 2617 naufragium
1575 2517 1809 2629 patiatur„

431 2620 630 2725 submergi
649 2647 729 2702 non
747 2621 885 2725 potest.
1772 2689 1776 2698 .

441 2821 443 2826 ,
543 2729 573 2829 f.
595 2743 677 2824 155.
704 2725 901 2833 Quoniam
918 2725 1047 2830 itaque
1065 2749 1163 2828 aqua
1177 2722 1363 2828 superior
1377 2722 1420 2804 in
1435 2721 1666 2806 inferiorem
1681 2731 1766 2824 gra·

431 2827 557 2911 vitatis
573 2829 678 2908 vires
695 2843 875 2930 exercet,
901 2851 1113 2932 quarenam
1135 2823 1228 2908 duae
1253 2825 1470 2926 superiores
1495 2849 1608 2929 aquae
1625 2841 1766 2926 partes,

268 2927 343 3006 Tal-
363 2932 471 3011 lllin
488 2934 577 3012 vase
596 2947 797 3012 contentae
814 2957 955 3034 nempe
970 2937 1042 3014 AB
1062 2929 1101 3008 dr
1119 2931 1219 3032 CD,
1245 2953 1336 3034 quae
1353 2927 1464 3011 simul
1483 2929 1647 3028 sumptae
1672 2925 1767 3004 infi-

265 3039 399 3140 Fig.11·
432 3057 532 3114 mam
556 3055 669 3148 aquae
691 3032 912 3134 portionem
941 3039 1008 3116 EF
1034 3029 1174 3135 utique
1201 3045 1441 3134 exuperant,
1467 3032 1514 3109 ab
1539 3031 1610 3108 hac
1634 3045 1764 3108 tamen

432 3133 738 3234 inferiorr'parte
757 3133 810 3212 frc
829 3135 1110 3233 sustentantur,
1135 3147 1181 3212 ut
1190 3157 1241 3213 ne
1251 3148 1465 3235 perpetuus
1479 3133 1521 3214 in
1539 3131 1630 3212 vase
1639 3153 1771 3234 aqueo

435 3249 564 3316 motus
578 3235 729 3314 sursum
745 3233 784 3311 dr
801 3233 983 3315 deorsum
1000 3235 1136 3312 alteret
1155 3237 1172 3312 ἓ
1198 3257 1342 3336 nempe
1363 3263 1373 3311 ε
1393 3232 1530 3314 infima
1545 3256 1661 3336 aquae
1678 3255 1768 3335 pars

434 3343 502 3424 EF
519 3354 780 3440 praeterquam
797 3333 904 3440 quod
927 3335 1086 3436 gravior
1112 3335 1158 3415 frt
1175 3333 1346 3437 singulis
1370 3335 1642 3438 superioribus
1653 3335 1769 3438 parti-

435 3443 528 3542 bus,
547 3443 764 3556 (lanugo
775 3443 838 3544 tl.)
857 3439 1126 3556 etiampraeter
1143 3438 1341 3541 propriam
1358 3439 1580 3540 gravitatem
1599 3436 1767 3516 duarum

433 3539 864 3648 superincumbentium
890 3557 1061 3646 partium
1088 3547 1160 3622 AB
1189 3541 1226 3622 &
1259 3542 1335 3624 eD
1362 3541 1557 3643 pressione
1584 3540 1767 3641 fulcitur',
1805 3579 1811 3594 ·

434 3647 525 3826 bigne
542 3645 701 3748 gravior
714 3641 898 3730 redditur
914 3643 1099 3732 ambabus
1117 3641 1196 3723 illis
1220 3643 1404 3748 partibur
1418 3642 1768 3749 superincumben-

434 3765 549 3832 nus.
722 3775 724 3778 ·

272 3861 423 3933 Centrum
535 3855 563 3952 t.
585 3855 668 3949 rsb
694 3855 741 3932 In
759 3849 952 3955 gravitatis
970 3845 1201 3929 discussione
1213 3846 1358 3949 triplex
1374 3844 1500 3928 notari
1516 3863 1694 3929 centrum
1704 3847 1769 3926 de-

265 3951 505 4065 gravitatirbet
523 3979 533 4029 τ
561 3975 703 4055 nempe
719 3979 857 4034 centrum
875 3957 1115 4062 magnitudirus,
1135 3951 1204 4028 seu
1220 3947 1395 4051 figurae:
1420 3969 1564 4028 centrum
1567 3959 1772 4130 Jraur'taiira

441 4081 577 4154 carrarum
601 4085 762 4164 corporum
780 4069 941 4162 gravium.
995 4065 1143 4134 Caurum
1175 4059 1396 4158 magnitudinis
1427 4051 1483 4130 est
1513 4057 1567 4132 etta
1612 4063 1770 4133 tunnam

398 4243 406 4254 ,Ἴ
442 4165 576 4264 corporis
585 4163 736 4264 punctum
757 4185 843 4340 ,ἴον
868 4161 956 4262 quad
974 4183 1085 4264 corpur
1112 4157 1288 4342 dgssiescftur
1313 4167 1347 4232 sn
1372 4157 1579 4269 duarpmrs
1606 4161 1771 4260 aqualsuan

335 4317 344 4364 ·.
424 4265 732 4384 magnitudinum
788 4281 839 4340 eu
864 4253 973 4367 quad
1001 4283 1023 4338 a
1047 4263 1130 4362 pun
1223 4255 1411 4364 ,oppositis
1437 4255 1772 4374 circumferentia

503 4413 506 4420 .
610 4415 614 4424 .
1601 4383 1724 4466 aequi·
