3878 4958
455 553 506 644 90¹
993 533 1206 614 socrroms
1231 535 1264 612 Ι.

407 745 580 824 corpus,
610 717 719 822 quod
737 715 897 817 srmplici
918 719 1201 818 motusertur,
1227 719 1380 817 semper
1405 719 1509 798 retia
1533 716 1636 796 linea
1654 711 1753 802 mo?

407 843 549 926 vetur,
586 825 919 924 continuaretque
942 820 1052 899 suum
1082 835 1232 900 motum
1260 821 1489 923 perenniter
1509 820 1586 922 „fi
1609 827 1737 906 causae

408 925 702 1028 praepedientes
722 921 920 1024 abelient3
950 927 1059 1016 Morus
1075 929 1248 1030 compostus
1265 921 1343 1020 est,
1379 924 1447 1026 qui
1468 951 1488 1000 a
1507 921 1658 1003 duabus
1673 927 1739 1006 vel

409 1031 588 1132 pluribus
613 1026 734 1106 causis
757 1023 948 1123 nascitur,
978 1047 1078 1126 quae·
1099 1023 1241 1104 eodem
1271 1035 1450 1125 tempore
1471 1049 1616 1122 corpus
1633 1029 1751 1106 varia'

407 1130 630 1213 directione
656 1127 873 1228 impellunt.
925 1123 1001 1204 Hic
1025 1153 1127 1207 motus
1153 1125 1368 1228 praesertim
1398 1131 1438 1202 in
1466 1123 1578 1204 lineis
1605 1131 1738 1208 curvis

408 1245 569 1316 notatur
592 1231 662 1330 (§.
683 1231 784 1331 127)
801 1228 846 1308 stt
871 1227 982 1308 navis
1010 1231 1051 1310 in
1073 1247 1222 1334 ponto,
1250 1227 1365 1306 variis
1381 1226 1462 1306 asta
1484 1228 1707 1329 impulsibus
1726 1259 1749 1326 ς·

408 1333 596 1414 inhaesit
615 1355 682 1408 vas
702 1355 897 1448 aqueum,
925 1344 1044 1434 atque
1061 1331 1154 1411 huic
1170 1330 1344 1410 innatent
1367 1329 1513 1430 pisces,
1533 1329 1737 1430 multiplex

411 1437 492 1518 erit¹
506 1437 647 1513 borum
664 1431 826 1534 piscium
850 1448 980 1511 motus
998 1461 1010 1534 3
1038 1434 1153 1514 uti&
1179 1431 1381 1509 hominum
1408 1430 1748 1536 discurrentium,

406 1537 439 1616 st
482 1537 618 1616 lobum
635 1549 888 1651 terraqueum
906 1555 998 1614 cum
1016 1533 1240 1633 Cepernico
1257 1532 1411 1612 moveri
1429 1527 1611 1611 dicamus.
1648 1541 1747 1613 Am·r

408 1563 521 1718 buiet
536 1653 653 1720 nauta
676 1637 925 1718 occidentem
948 1637 1084 1716 versus
1103 1637 1145 1713 in
1167 1633 1278 1730 navi,
1306 1658 1400 1735 quae
1428 1634 1524 1710 velis
1545 1633 1586 1710 in
1607 1635 1738 1716 orien-

410 1758 492 1820 tem
509 1739 719 1836 desertur3
756 1753 964 1818 moveatur
987 1763 1093 1818 mare
1121 1738 1161 1812 in
1184 1733 1432 1815 occidentem
1458 1735 1669 1819 velocitate
1693 1755 1739 1818 ut

413 1867 568 1939 100103
593 1838 703 1919 navis
720 1865 817 1919 vero
844 1844 1025 1922 velorum
1049 1835 1246 1917 beneficio
1274 1836 1314 1912 in
1340 1837 1532 1916 orientem
1554 1857 1754 1918 excurrat·

411 1941 624 2024 uelocitate
644 1956 689 2020 ut
708 1971 754 2026 10
770 1939 780 2022 ἑ
808 1961 922 2024 nauta
942 1945 1121 2045 denique
1136 1938 1268 2016 tendat
1285 1935 1326 2012 in
1343 1941 1424 2015 'hac
1441 1937 1529 2016 navi
1553 1939 1741 2020 occiden-

413 2063 494 2130 tem
510 2045 643 2123 versus
663 2044 874 2126 velocitate
889 2061 935 2123 ut
956 2071 1000 2144 1,
1026 2038 1253 2121 movebitur
1269 2053 1385 2116 nauta
1408 2037 1538 2128 absolute
1555 2063 1647 2119 cum
1671 2063 1740 2120 ve-

413 2149 573 2229 locitate
588 2162 632 2226 ut
653 2169 770 2231 10001
794 2147 834 2226 in
853 2143 1127 2242 occidentem,
1155 2141 1336 2221 &relative
1359 2161 1451 2216 cum
1470 2141 1680 2221 velocitate
1695 2161 1740 2223 ut

410 2277 436 2356 9
453 2252 493 2330 in
510 2247 715 2328 orientem.
770 2253 878 2330 Dum
896 2246 1027 2348 sagitta
1043 2271 1065 2324 e
1083 2241 1172 2323 navi
1196 2239 1320 2344 plenis
1348 2241 1443 2317 velis
1469 2257 1625 2322 natante
1652 2269 1742 2342 per-

412 2349 720 2450 pendiculariter
739 2351 952 2448 emittitur,
980 2345 1124 2426 recidit
1139 2347 1178 2424 in
1196 2345 1328 2420 locum
1346 2340 1478 2444 navis,
1506 2343 1615 2422 unde
1634 2349 1753 2424 emis-2

412 2453 450 2531 sa
476 2452 558 2550 est,
598 2449 874 2558 describetque
899 2451 1117 2550 parabolam
1135 2450 1195 2544 (§.
1215 2457 1290 2537 480
1312 2445 1460 2542 Geomcr.)
1496 2447 1752 2546 ,Excutiatur

358 2633 360 2638 ,
416 2553 555 2656 globus
572 2575 594 2628 e
610 2550 808 2654 sclopeto,
836 2551 882 2630 ed
899 2549 1228 2649 perpendiculum
1246 2543 1403 2644 netto,
1431 2547 1477 2620 ab
1497 2543 1632 2647 equite
1649 2573 1743 2628 con·

416 2651 664 2754 citatissmo,
692 2655 845 2734 recidet
869 2653 1008 2755 globus
1025 2650 1081 2726 'ud
1110 2648 1273 2748 sclopeti
1298 2643 1523 2746 orificium3
1555 2646 1757 2728 seruntur'

418 2755 566 2858 quippe
585 2753 642 2832 his
665 2754 706 2833 in
731 2758 880 2836 casibus
913 2769 995 2832 tum
1021 2751 1175 2854 sagitta,
1198 2763 1281 2826 tum
1311 2748 1448 2850 globus
1476 2768 1561 2823 motu
1578 2757 1758 2856 composstr,'·

416 2883 499 2940 uno
518 2854 701 2937 nimirum
718 2859 759 2937 in
775 2854 1041 2958 altitudinem,
1058 2855 1182 2933 altero
1199 2848 1415 2930 secundum
1436 2847 1622 2953 autrum,
1644 2862 1668 2926 a'
1683 2859 1755 2932 nai-³

419 2961 461 3037 vi
480 2959 544 3038 vel
560 2957 696 3061 equite
714 2960 947 3062 inpressum.
1750 3051 1753 3058 Ι

473 3101 475 3107 ·
520 3061 555 3162 b.
575 3073 636 3158 87.
672 3068 778 3140 Motus
804 3075 1000 3163 praeterea
1024 3055 1205 3136 alius'est
1229 3065 1371 3231 pregrius
1388 3091 1405 3150 ,·
1435 3054 1530 3133 ali'us
1563 3059 1754 3134 communis]

420 3175 565 3268 Proprius
585 3173 716 3236 motus
733 3163 897 3240 habetur
920 3159 960 3240 in
978 3161 1138 3239 homine
1165 3155 1274 3232 deam
1304 3157 1458 3250 ulante,
1484 3172 1549 3235 aut
1572 3155 1612 3234 in
1631 3154 1754 3258 globo'

422 3259 675 3341 ebombarda
698 3259 880 3357 exculto,
908 3275 1027 3363 atque
1046 3281 1117 3357 per
1139 3251 1360 3357 impressum
1388 3251 1454 3332 fibi
1478 3257 1665 3357 impeturn
1684 3273 1753 3337 voi

423 3369 553 3446 lante:
582 3383 668 3437 motu
684 3375 838 3440 communi
857 3365 985 3442 fertur
1012 3363 1131 3439 homo
1160 3359 1203 3434 ''v.
1225 3381 1262 3459 g.
1288 3353 1408 3432 rheda
1426 3359 1490 3436 vel
1515 3358 1603 3439 navi
1630 3359 1750 3440 deve-

423 3469 543 3568 ttus3
570 3463 616 3540 ab
635 3463 709 3541 alio
722 3463 929 3568 liquidem,
951 3467 1095 3568 &lcum
1113 3461 1187 3542 ali'o
1201 3481 1375 3638 corpore
1389 3475 1589 3539 moretur.
1644 3468 1757 3542 Motus

426 3593 476 3648 ex
492 3581 670 3668 utroque
687 3573 861 3672 compossms
883 3567 937 3643 est
966 3561 1007 3643 in
1032 3563 1189 3642 homine
1214 3585 1270 3638 am
1299 3561 1431 3640 ulante
1457 3561 1496 3640 in
1524 3561 1639 3660 navi,
1659 3575 1753 3664 qu'ae

423 3667 610 3760 secundis
624 3668 753 3747 sertus
767 3670 912 3747 ventis.
963 3665 1080 3746 Alius
1099 3665 1153 3744 est
1172 3680 1303 3742 motus
1319 3663 1494 3770 aquatilis,
1514 3664 1581 3744 seu
1603 3664 1753 3742 unifor-

424 3771 528 3870 mis,
585 3769 626 3849 ui
644 3769 817 3872 aequales
833 3767 941 3868 spatii
964 3781 1090 3865 partes
1112 3765 1328 3868 aequalibus
1354 3763 1580 3880 quibusque
1601 3777 1755 3863 tempo-⁶

425 3873 536 3952 ribus
555 3797 736 3950 describit
750 3901 773 3951 r·
787 3869 902 3950 Alius
925 3869 979 3955 est
994 3865 1197 3975 imputabilis,
1215 3865 1282 3945 seu
1297 3865 1512 3963 variabilis,
1535 3867 1603 3972 qui
1622 3887 1757 3968 aequa-

423 3975 528 4055 libus
547 3973 734 4072 temporis
751 3972 922 4076 partibus
939 3967 1146 4072 inaequalia
1160 3965 1276 4145 spatia
1292 3965 1485 4066 decurrit,
1504 3985 1549 4048 ut
1564 3970 1591 4048 sr
1608 3991 1754 4068 corpus

428 4101 512 4155 uno
537 4091 736 4154 momento
765 4069 955 4176 temporis
975 4069 1142 4170 spatium
1202 4093 1343 4148 uorum
1376 4067 1547 4170 pedum,
1582 4069 1756 4149 secundo

429 4191 629 4259 momento
646 4177 807 4275 spatium
825 4175 941 4254 unius
956 4173 1067 4268 pedis
1088 4170 1315 4250 absolveret.
1368 4171 1444 4246 Hic
1464 4195 1564 4248 morus
1582 4170 1758 4272 inaequa-

427 4277 513 4362 bilis
528 4279 569 4360 in
586 4279 804 4359 accelerato
822 4299 906 4356 mnu
921 4275 1136 4382 apparebit,
1154 4271 1296 4380 dequo
1314 4271 1416 4351 infra
1428 4273 1481 4373 (p.
1501 4273 1606 4374 281).
1651 4274 1688 4348 N
1691 4265 1761 4356 oni

1613 4375 1712 4462 nulli
