3900 4956
294 531 532 609 Paurrcrro
544 515 1163 606 IX.DaMorquUr1v.urDe
1173 517 1349 628 Qumru.
1435 527 1487 622 85

200 724 302 820 potuit
319 723 450 822 ineptius
475 711 648 812 aponiano
661 711 749 808 iiia.-
784 709 891 791 aeus·
919 713 1021 788 entis
1052 707 1315 809 inpotentia,
1344 722 1535 812 quatenus

204 815 447 918 inpotentia.
484 815 530 918 (η’
551 813 596 884 rte*
608 813 741 896 iuranti,
768 810 792 910 Ιιῖ
805 807 950 896 innectit,
978 821 1179 903 ἐντελέχεια,
1205 819 1337 907 manegii
1359 812 1402 882 iar
1422 817 1536 890 alandt·

203 927 268 996 toi.
298 917 532 996 Aristoteles
550 911 617 990 lib.
630 913 702 990 Ill.
723 913 871 1018 Phyfie.
890 914 985 1014 Cap.
1010 937 1027 990 1
1048 924 1144 989 text.
1165 914 1238 1011 12)
1254 941 1322 1016 qen
1336 915 1463 1017 quiden
1480 918 1536 988 io-

201 1029 281 1092 mini
295 1032 429 1096 rationis
440 1026 612 1122 participi,
639 1025 689 1089 cai
705 1020 861 1116 mensola
879 1017 959 1114 istim
982 1009 1156 1116 absurditas
1177 1037 1266 1090 antea
1286 1045 1348 1091 non
1367 1037 1442 1092 nota
1457 1037 1537 1105 erat,

197 1121 517 1226 nogotinmfacefferet
534 1117 703 1212 conieciara
716 1130 888 1220 augurari,
916 1123 1076 1218 enjarncm
1099 1129 1182 1194 uocis
1205 1123 1366 1214 explicatio
1381 1119 1455 1214 effer.
1502 1127 1538 1194 ai

202 1227 298 1296 Tullio
315 1230 535 1326 interroganti,
552 1218 633 1326 quid
648 1223 771 1324 Belgica
789 1247 853 1294 ttoae
880 1215 1117 1317 beweginge
1123 1220 1303 1322 fignificat?
1336 1225 1477 1294 Batavus
1491 1224 1537 1296 la·

196 1331 261 1396 tine
282 1325 502 1427 responderet:
534 1321 587 1422 effe
614 1317 742 1398 aetum
770 1317 870 1399 entis
894 1317 935 1396 in
964 1316 1164 1419 potentia,
1193 1333 1387 1420 quatenus
1404 1317 1447 1396 in
1465 1341 1556 1415 po-·

196 1419 319 1500 tentia
337 1449 350 1524 3
376 1451 467 1528 rogo,
489 1444 597 1500 atrurn
615 1433 686 1528 quir
706 1425 873 1522 exilient,
921 1419 1022 1519 ctoeffe
1046 1431 1220 1497 moerorem
1245 1429 1327 1496 vocis
1346 1423 1426 1514 iiim
1437 1427 1535 1524 ssgni·

191 1529 363 1622 ficationem
382 1530 560 1630 intelligere,
581 1547 639 1600 out
664 1529 834 1624 conturna
862 1535 874 1598 i
911 1549 964 1596 am
987 1525 1140 1626 colligere,
1167 1551 1264 1630 quam
1289 1529 1430 1602 Batavus
1448 1547 1533 1598 cont·

195 1635 333 1702 ntaniter
351 1639 384 1703 ia
407 1635 512 1702 cumo
529 1626 639 1725 babet,
661 1627 785 1729 quondo
806 1625 913 1724 sonum
928 1626 1014 1718 illam
1027 1625 1158 1724 profert.
1262 1671 1267 1680 ·
1319 1688 1343 1726 ,ι

296 1731 330 1828 §.
350 1737 413 1816 81.
439 1727 512 1806 Ast
533 1749 668 1829 neque
687 1723 749 1804 alii
778 1725 916 1804 melius
944 1721 1113 1802 delinire
1136 1749 1255 1802 motam
1271 1736 1490 1824 potuerunt
1515 1749 1528 1826 3

183 1829 274 1909 live
294 1827 398 1908 enim
426 1851 518 1906 eum
547 1834 707 1929 nemean
742 1825 956 1922 dixerunt,
980 1823 1062 1902 five
1077 1825 1269 1927 fiacffoan
1297 1833 1531 1944 applicationem
1699 1914 1707 1934 ⁸

189 1944 330 2042 partiam
339 1937 507 2036 superficiei
523 1940 662 2031 eorporis
677 1940 770 2005 unitio
785 1931 831 2002 ad
844 1949 950 2032 partes
965 1937 1099 2034 corporis
1118 1937 1274 2042 alniaa'5
1307 1928 1401 2006 nihil
1420 1929 1532 2032 quip·
1571 1938 1576 1948 “

194 2061 245 2138 pe
263 2031 343 2111 ssve
360 2038 525 2132 cranfitas',
545 2027 626 2109 five
642 2033 804 2132 saccefflaa
830 2035 994 2136 applicatio
1022 2024 1126 2107 aliud
1156 2029 1210 2106 est
1230 2027 1419 2108 nmmos
1438 2061 1451 2106 .·
1485 2044 1531 2109 ut

195 2162 277 2215 non
296 2133 492 2212 immerito
512 2129 659 2209 exinde
675 2145 827 2230 pateat,
853 2153 974 2208 voces
986 2128 1214 2230 fimplicium
1228 2129 1422 2233 idearum,
1435 2157 1530 2235 qua·

192 2236 240 2314 lis
259 2235 452 2329 estmorae,
478 2231 621 2310 clarius
639 2230 795 2310 definiri
817 2257 899 2310 non
915 2230 1033 2332 posse.

295 2339 329 2434 t.
343 2348 415 2426 ita.
445 2331 503 2412 Sit
517 2330 652 2435 itaque
671 2357 772 2410 notus
785 2339 888 2410 locata
903 2331 1100 2411 translatio
1112 2336 1309 2438 corporis,
1322 2335 1386 2414 vel
1405 2335 1529 2417 totius
1550 2359 1627 2431 Tm
1643 2364 1681 2430 in
1827 2423 1829 2430 J

193 2437 259 2517 vel
281 2436 447 2536 partium
464 2433 514 2512 de
533 2435 624 2512 loco
641 2433 682 2511 in
703 2433 835 2512 locum
860 2435 974 2528 fluxu
990 2433 1207 2537 continua,¹
1222 2439 1437 2519 'debebunt
1455 2440 1529 2520 tria
1543 2435 1630 2532 'mm
1657 2461 1703 2530 lo·
1822 2474 1823 2485 Ν

192 2536 430 2641 potiffimum
459 2533 499 2614 in
521 2549 633 2614 motu
662 2533 807 2614 attendi
831 2567 842 2614 e
868 2549 1136 2643 terminataque
1160 2597 1171 2629 ‚
1194 2541 1263 2620 seu
1290 2543 1428 2640 locus,
1457 2543 1527 2645 qui
1543 2563 1704 2636 citiorem·

192 2632 463 2744 relinquitura
489 2649 637 2716 reminas
651 2638 699 2712 ad
712 2665 826 2740 quem,
855 2639 924 2717 seu
938 2640 1077 2737 locus,
1107 2640 1176 2743 qui
1196 2642 1246 2720 de
1264 2667 1373 2722 novo
1392 2645 1528 2746 aequi·
1541 2661 1674 2736 dantur.

194 2742 317 2844 nitur,
343 2741 381 2820 δι
395 2751 555 2816 concinuos
564 2746 671 2838 fluxus
689 2739 734 2814 ab
753 2763 837 2817 uno
863 2739 1032 2819 termino
1059 2743 1105 2819 ad
1131 2743 1324 2842 alterum3
1348 2743 1528 2822 'instanta-

191 2867 291 2926 neus
310 2841 458 2944 quippe
482 2841 612 2920 nullus
631 2837 813 2942 physrcus
837 2855 969 2919 motus
996 2842 1070 2917 elie
1095 2845 1251 2943 potest3
1280 2869 1412 2948 neque
1437 2868 1527 2925 cor·

191 2969 267 3048 pus
287 2969 339 3024 ex
355 2943 432 3019 hoc
448 2941 489 3017 in
506 2938 613 3016 illum
632 2939 763 3014 locum
776 2953 943 3040 repente
958 2943 1193 3019 transfertur
1212 2944 1291 3022 sme
1320 2967 1524 3048 peragrato

191 3047 324 3126 medio
340 3041 631 3140 interjacente3
655 3059 751 3140 quae
776 3041 996 3142 peragratio
1024 3055 1205 3145 tanquam
1226 3045 1460 3150 succeffiva,
1479 3049 1525 3128 li·

193 3163 258 3225 cet
274 3143 473 3242 citiffima,
510 3139 677 3320 attiguum
697 3139 826 3218 saltem
851 3141 1038 3243 temporis
1057 3161 1206 3241 partem
1229 3143 1297 3224 fibi
1324 3150 1520 3232 vendicat.

194 3253 295 3327 Cum
314 3255 411 3326 vero
442 3242 553 3348 quoti
585 3241 673 3320 iano
704 3240 978 3342 experimento
1007 3243 1100 3324 nihil
1123 3247 1272 3327 certius
1298 3250 1376 3354 fit,
1405 3277 1522 3356 quam

193 3347 276 3426 dari
299 3375 442 3446 morum3
476 3345 604 3422 mirari
624 3341 748 3442 subit,
774 3343 885 3423 suilla
899 3361 1031 3425 tamen
1048 3347 1322 3454 Philosophus,
1353 3355 1420 3456 qui
1440 3379 1523 3434 orn·

188 3473 282 3527 'nem
304 3471 460 3552 operam
474 3447 751 3544 contulerunt,
777 3449 926 3527 nullum
952 3465 998 3525 ut
1018 3447 1092 3526 elle
1109 3475 1228 3526 morum
1252 3453 1520 3556 ostenderent,

190 3546 412 3650 praesertim
431 3571 482 3624 ex
500 3545 625 3621 schola
641 3550 833 3624 parmenidis
861 3550 900 3629 eit
918 3560 1067 3643 Zenonis,
1094 3573 1266 3652 quorum
1294 3575 1521 3654 argumenta

190 3665 341 3760 Diogenes
366 3670 447 3728 non
472 3662 548 3725 tam
577 3644 734 3748 verbis,
766 3651 999 3828 guamfallo
1031 3649 1287 3754 dillolvebat3
1323 3657 1520 3736 ambulans

192 3759 412 3837 enimcum
437 3763 666 3851 nogaretum
695 3747 765 3927 ‹pui
824 3753 1005 3831 facerett
1032 3750 1261 3850 respondit:
1292 3773 1520 3860 argumenta

191 3856 489 3938 Zenonistarum
508 3875 529 3928 a
547 3845 586 3927 se
613 3848 705 3928 ditio
722 3850 778 3952 vi,
830 3861 974 3933 laertius
996 3853 1084 3948 Lib,
1108 3857 1185 3932 VI.
1214 3879 1324 3936 num.
1354 3881 1415 3964 39.
1444 3871 1520 3957 nete

193 3975 242 4030 aiv
259 3968 406 4045 ariera,
431 3956 477 4026 iat
494 3965 603 4030 eloim
623 3953 662 4024 ἐκ
684 3953 759 4041 iso,
792 3955 913 4033 cinaei:
933 3961 1141 4051 περιπάτει·
1167 3957 1285 4038 hante
1301 3964 1359 4064 fill
1382 3965 1519 4066 quodam

188 4059 214 4154 ¹(
232 4083 312 4137 non
337 4059 536 4155 Zenone3
565 4050 635 4132 diu
660 4055 764 4132 enim
779 4070 869 4134 ante
890 4054 1115 4158 Diogenem
1144 4059 1257 4140 Zeno
1282 4066 1431 4144 Eleates
1461 4069 1518 4143 vi·

180 4158 277 4257 ⁴uit)
295 4187 356 4237 nan
372 4159 423 4260 effe
442 4164 586 4255 matum,
613 4183 762 4264 eaecrgens
778 4157 969 4236 ambulalat.
1123 4177 1129 4188 '
1247 4177 1252 4190 ·

814 4360 848 4440 L
874 4379 897 4462 3
1413 4372 1476 4449 ot.
