3900 4956
247 579 259 594 ..
396 492 445 554 aa
807 471 1119 552 erorrcomm
1170 470 1367 554 Pursrert.

328 649 632 758 xpropositiones
643 649 815 759 physicas
823 651 1126 756 wormatienses
1135 650 1369 754 potillimum
1371 668 1559 760 gerannus
1573 681 1694 766 quan.

344 751 557 856 tumlicet,
586 751 822 836 confirmare
840 754 1069 836 conabimur
1087 785 1098 850 ς
1117 759 1272 862 praelitas
1288 769 1499 861 erpersmmlr.
1556 765 1694 844 Neve.

344 885 393 940 ro
406 877 522 950 omne
539 855 759 958 disputandi
776 879 959 940 munuse
985 857 1039 938 Ph
1071 855 1144 936 lica
1162 856 1290 936 nostra
1311 857 1616 942 exterminatum
1635 877 1691 948 vl-

346 961 513 1057 deatur,
541 983 622 1040 non
645 957 941 1056 intermisimus,
965 958 1024 1040 eri
1057 959 1213 1036 icorum
1236 957 1434 1039 hominum
1454 965 1598 1064 gratia,
1623 969 1693 1046 ob-

344 1058 537 1166 jettiones
557 1059 634 1144 suis
655 1063 753 1141 locis
782 1058 943 1141 strittim
963 1059 1194 1174 adspergere
1215 1088 1227 1156 ς
1256 1083 1351 1162 quas
1369 1061 1637 1166 objectiones,
1664 1067 1693 1146 st

347 1163 436 1270 quis
461 1159 637 1243 eristicus
661 1161 737 1244 elle
763 1161 892 1262 malit,
919 1174 1099 1264 poterit,
1131 1181 1227 1258 pace
1253 1187 1363 1259 mea,
1387 1161 1428 1244 in
1455 1165 1692 1272 syllogismos

344 1269 479 1448 plures
498 1261 710 1367 diligenter
724 1265 925 1367 redigere,
947 1280 1067 1378 atque
1078 1259 1254 1361 rigorose
1277 1261 1318 1342 in
1335 1265 1485 1366 sorma,
1504 1285 1550 1350 ut
1564 1269 1690 1369 lubet,

362 1364 562 1468 ongiffime
591 1363 799 1465 disputare.
876 1368 1083 1444 Maximam
1108 1377 1235 1442 autem
1260 1362 1548 1448 solicitudinem
1572 1371 1612 1449 in
1639 1393 1692 1448 eo

347 1465 590 1565 struximus,
617 1478 664 1548 ut
687 1493 737 1547 ne
753 1466 910 1571 Physica
935 1466 1024 1544 haec
1052 1485 1265 1542 commune
1292 1463 1389 1568 quid
1415 1467 1579 1552 haberet
1600 1495 1693 1554 cum

349 1571 477 1650 octauo
496 1567 845 1666 Peripateticorum
863 1567 1090 1673 qualitatibus,
1122 1579 1187 1646 aut
1210 1589 1301 1646 cum
1324 1565 1533 1650 arbitrariis
1608 1583 1693 1652 orte-

340 1671 426 1778 fibur
448 1695 461 1769 3
488 1673 641 1773 verbO,
667 1687 713 1752 ut
729 1694 781 1752 ne
794 1671 1000 1771 pedantssmus
1017 1663 1309 1768 dominaretur,
1338 1693 1419 1776 quo
1438 1671 1478 1752 in
1497 1673 1566 1753 soli
1598 1675 1692 1754 ioris

349 1772 571 1854 literaturae
596 1773 811 1886 perniciem
842 1777 1028 1874 logomachta
1051 1767 1196 1867 alitur,
1223 1783 1343 1872 atque
1372 1769 1572 1874 impotens
1598 1799 1696 1860 coru

351 1872 531 1954 certandi
546 1869 668 1954 libido
685 1873 764 1956 fine
782 1874 904 1956 firmis
949 1870 1137 1974 reesrdiis,
1158 1871 1239 1951 sme
1256 1873 1464 1986 tranquilla
1479 1875 1696 1958 meditatio-

352 1997 431 2074 ne,
457 1989 666 2075 tantopere
691 2001 741 2056 co
796 1898 981 2056 oscendae
1006 1983 1162 2052 naturae
1191 1972 1430 2072 necessaria,
1461 1976 1542 2058 sme
1566 1975 1701 2058 debito

353 2075 448 2154 artis
478 2074 663 2178 prosektu
687 2001 932 2158 redduntur.
1002 2073 1131 2176 Igitur
1155 2073 1333 2177 quamvis
1358 2077 1454 2158 nulli
1481 2103 1554 2160 nos
1579 2078 1697 2160 sestae

353 2175 704 2281 obstnnxerinus,
740 2189 949 2257 hleuronianas
971 2189 1101 2256 tamen
1124 2191 1254 2275 partes
1274 2193 1320 2256 ut
1347 2177 1556 2274 plurimum
1588 2195 1699 2262 tene·

351 2302 440 2362 mus
458 2307 470 2383 3
498 2277 608 2386 quod
622 2279 687 2361 hae
704 2276 1007 2381 fimpliciffimam
1025 2277 1134 2360 fimul
1152 2275 1448 2358 &firmissimam
1467 2282 1700 2362 methodum

353 2383 594 2482 exhibeant,
622 2400 741 2484 atque
768 2380 817 2461 ad
841 2403 978 2460 veram
1006 2379 1203 2462 scientiam
1230 2377 1392 2482 digitum
1416 2381 1622 2462 rettiffime
1638 2383 1697 2462 in·

352 2483 530 2564 tendant.
585 2489 774 2584 scholasticos
798 2495 925 2562 autem
943 2481 1011 2560 vix
1037 2505 1082 2561 ac
1102 2506 1153 2562 ne
1179 2479 1249 2560 vix
1276 2483 1436 2584 quidem
1464 2485 1694 2588 attigimus3

354 2585 512 2668 inertiae
532 2582 662 2684 enim,
683 2607 735 2664 ne
750 2583 898 2681 dicam,
915 2583 1127 2664 dementiae
1142 2585 1300 2686 plenum
1317 2586 1473 2688 suisset,
1491 2587 1576 2687 post
1593 2605 1697 2688 prae0.

354 2689 476 2768 claras
505 2707 646 2784 operas
674 2691 815 2787 Gallus,
844 2691 1033 2779 Verulamr'r',
1061 2693 1193 2784 Bryln‘,
1217 2694 1368 2790 Carussr'„
1395 2699 1550 2780 Nemori,
1576 2687 1697 2766 bilri-

352 2803 414 2884 cit,
441 2787 731 2888 Muffclemlroeltt,
758 2786 798 2865 dr
815 2784 980 2866 aliorum
1005 2785 1305 2888 sexcentorum,
1333 2803 1454 2892 atque
1471 2786 1698 2891 comprimis

353 2892 440 2993 post
454 2888 612 2970 illustria
629 2899 883 2970 monumenta
905 2889 1113 2990 Regiorum
1134 2888 1472 2990 Academiarum,
1503 2891 1541 2970 dt
1567 2889 1700 2970 Socie-

354 3005 479 3072 tatum
507 2996 695 3089 Parissofir,
721 2999 940 3079 Britannice,
976 2996 1230 3088 Petroposr'rm,
1257 3000 1474 3093 Beroliuerpsn
1506 2998 1698 3090 Romnum

355 3093 434 3173 dcc.
468 3105 652 3190 tanquam
673 3089 757 3190 post
778 3089 956 3170 inventas
991 3092 1127 3192 sruges
1155 3091 1312 3173 rursum
1337 3093 1385 3172 ad
1416 3089 1575 3194 glandes
1601 3089 1698 3168 defi·

355 3215 482 3296 cere3
535 3193 637 3282 Eum
654 3213 824 3294 namque
851 3189 891 3270 in
909 3189 1031 3272 linem
1059 3193 1151 3272 artis
1168 3193 1276 3292 suae,
1303 3190 1533 3294 irrequietis
1557 3189 1696 3270 labori·

355 3295 429 3376 bus
458 3307 601 3396 partae,
633 3307 860 3396 argumenta
874 3293 987 3376 nobis
1023 3289 1280 3374 studiolillimi
1319 3293 1497 3373 homines
1524 3292 1697 3396 relique·

354 3411 482 3498 runt,
508 3397 611 3476 utin
633 3394 748 3476 brevi
766 3393 847 3476 vita
874 3389 1107 3494 longillimae
1126 3393 1218 3477 artis
1238 3391 1520 3498 compendium
1535 3395 1698 3478 habere-

355 3523 470 3599 mus,
498 3497 782 3602 'verioremque
802 3494 1014 3578 delestum.

173 3720 288 3814 scopus
454 3705 510 3784 V.
547 3707 727 3878 scopus,
754 3701 825 3785 seu
847 3697 938 3782 finis
968 3697 1198 3802 praecipuus
1222 3697 1401 3820 Phyllces
1418 3699 1503 3816 est,
1529 3696 1698 3814 Univer-

179 3819 320 3921 rtyssus.
355 3809 437 3889 sum
455 3804 535 3884 hoc
556 3803 624 3882 sub
639 3803 780 3884 rmiore
803 3801 972 3908 quadam
989 3813 1123 3882 mente
1141 3801 1287 3884 intueri
1306 3829 1318 3902 3
1345 3799 1615 3882 incredrbtlem
1634 3799 1695 3878 ad·

355 3904 486 3989 mirari
501 3927 634 3985 rerum
651 3903 904 4007 varietatem,
933 3929 980 3984 ac
998 3899 1179 3986 ordinem
1196 3932 1209 4009 3
1235 3903 1404 3987 infinitas
1419 3901 1518 3984 DEI
1534 3899 1695 3982 artificis

352 4009 396 4092 in
412 4005 615 4110 operando
635 4005 767 4108 vires,
795 4009 928 4111 sugam
944 4003 1156 4108 temporis3
1182 4005 1396 4089 caelestium
1414 4003 1698 4120 phaenomeno·

352 4137 441 4200 rum
461 4108 644 4191 recursus
705 4130 874 4188 erennes
902 4110 1093 4209 solerter,
1121 4109 1379 4213 modesteque
1402 4107 1423 4186 s
1446 4107 1621 4204 ecular13
1649 4123 1694 4182 ac

357 4213 534 4321 denique
550 4233 601 4293 ex
619 4235 646 4314 p
689 4206 916 4294 chritudine
933 4209 1049 4313 hujus
1067 4207 1231 4314 mundi,
1260 4209 1303 4296 in
1322 4235 1404 4315 quo
1462 4207 1560 4389 Eli}
1580 4207 1699 4288 bene·

220 4363 223 4368 -
1562 4329 1655 4392 cen·
