3782 4958
436 501 514 582 282
973 489 1192 568 sessionis
1216 491 1252 570 Ι.
1325 547 1379 588 ·.·

340 773 344 781 ι
492 675 627 782 Μγ.
660 671 841 775 Longius
868 669 1051 772 sortasse,
1077 695 1191 774 quani
1220 671 1531 759 instituti-nostri
1556 673 1730 760 brevitas
1839 681 1842 684 ’

390 777 647 880 deposcebat,
673 799 722 854 ex
749 775 915 859 ositione
932 775 1056 854 motiis
1071 775 1296 856 collisorum
1314 802 1522 881 corporum
1538 785 1727 884 processu

261 963 264 968 ,
389 879 457 958 sed
473 901 601 982 neque
618 801 835 980 patiebatur
848 876 1054 990 vastiffima
1068 875 1201 956 haecce
1212 879 1394 960 materies
1410 877 1515 960 intra
1532 883 1728 984 angustio-

389 1007 454 1063 res
474 981 615 1062 limites
631 978 829 1060 coarstari.
882 979 951 1061 llis
978 990 1129 1079 itaque,
1155 1006 1232 1084 qua
1254 981 1389 1084 licuit,
1417 985 1642 1066 brevissime
1661 1009 1726 1066 ex-

384 1084 572 1188 planatis,
598 1083 702 1173 milsa
718 1083 890 1164 lihenter
907 1081 1043 1162 seciam
1063 1080 1298 1163 theoremata
1314 1085 1381 1164 illa
1403 1093 1608 1189 llugimam,
1633 1103 1738 1190 quae¹

389 1186 614 1268 clarissimus
628 1185 698 1264 ille
720 1185 812 1288 vir,
838 1185 939 1266 hanc
968 1182 1010 1264 in
1036 1182 1233 1262 materiam
1256 1187 1543 1290 conducentia,
1567 1189 1728 1270 acutissi-

387 1311 450 1366 me
469 1285 742 1389 concinnavit,
759 1309 929 1392 quaeque
945 1281 1093 1365 deinde
1112 1283 1293 1364 uberiori
1311 1286 1442 1370 studio
1461 1299 1568 1369 Patrai
1584 1292 1728 1371 deniar-

385 1405 452 1470 τίκα
468 1389 736 1490 collustravit3
763 1403 948 1491 poterunt
970 1389 1087 1486 haec,
1114 1387 1177 1467 cui
1207 1387 1361 1472 libitum
1390 1389 1543 1493 suerit,
1566 1414 1617 1472 ex
1637 1418 1728 1495 pro

385 1490 482 1593 priis
499 1493 674 1576 sontibus
690 1491 848 1573 hauriri.
898 1496 1029 1574 Unum
1054 1486 1274 1569 adhucdum
1304 1493 1586 1575 commonuisse
1614 1521 1729 1597 opor·

247 1619 345 1694 pm„
386 1609 472 1673 tett
518 1601 707 1696 corrasam,
732 1596 909 1700 quamvis
939 1592 1086 1694 primus
1111 1589 1263 1696 suerit,
1288 1594 1356 1700 qui
1382 1594 1594 1678 collisionis
1620 1599 1731 1698 leges

213 1719 348 1820 carust,
388 1695 532 1776 acriori
561 1697 691 1780 studio
718 1699 940 1778 examinare
966 1691 1257 1796 contenderit,
1283 1695 1485 1776 infelicem
1512 1699 1609 1780 adeo
1635 1723 1730 1800 ope·

386 1824 467 1880 ram
486 1799 673 1901 posuisse,
698 1812 741 1878 ut
758 1800 902 1902 septem
924 1797 1032 1880 illius
1050 1817 1094 1873 re
1149 1795 1201 1878 lae
1228 1797 1295 1880 seu
1313 1801 1421 1901 leges
1447 1797 1497 1882 de
1522 1800 1729 1881 collisione

386 1925 627 2006 corporum,
653 1900 763 1982 salsae
787 1902 1025 2004 potissimum
1049 1921 1072 1975 e
1101 1921 1153 2000 e,
1179 1915 1292 2006 atque
1325 1901 1606 2002 experimentis
1634 1926 1731 1982 con·

385 2003 520 2084 trariae
542 2000 897 2107 deprehendantur.
967 2001 1090 2084 Causa
1116 2016 1234 2084 tantae
1258 2003 1569 2085 hallucinationis
1591 2004 1732 2106 extitit,

386 2105 498 2210 quod
517 2105 583 2187 has
596 2110 749 2210 regulas
768 2103 1026 2206 desumpserit
1036 2127 1084 2180 ex
1100 2103 1202 2184 salsis
1218 2104 1296 2187 suis
1312 2107 1602 2221 hypothesibus,
1618 2133 1728 2188 nem-

387 2229 470 2312 pe:
496 2207 539 2288 in
557 2211 762 2291 collisione
779 2231 988 2308 corporum
1015 2203 1114 2284 nihil
1140 2219 1267 2288 motus
1290 2229 1424 2312 perire
1446 2208 1552 2310 polle
1575 2239 1597 2290 ε·
1612 2208 1734 2318 atque

388 2311 501 2390 etiam
526 2313 694 2414 quietem
728 2311 804 2391 else
832 2309 881 2391 ali
910 2307 982 2390 uid
1037 2305 1216 2390 ositivum
1249 2311 1291 2392 in
1322 2310 1587 2415 corporibus,
1619 2309 1727 2416 quod

387 2410 558 2493 motibus
576 2415 731 2496 refistat
785 2413 867 2518 Qui
930 2335 1135 2510 eguissem
1153 2411 1288 2494 harum
1308 2413 1614 2496 Cartesianarum
1635 2441 1732 2496 nor·

389 2537 489 2591 mam
508 2527 624 2618 atque
649 2515 900 2616 expsitionem
928 2511 1089 2594 uberius
1116 2513 1219 2595 nosse
1245 2516 1378 2618 cupit,
1404 2517 1579 2596 consulat
1602 2523 1738 2598 aduae

386 2617 464 2693 dam
482 2623 638 2720 corfinum
653 2619 695 2699 in
713 2617 887 2724 Physica,
903 2613 970 2720 qui
989 2637 1052 2695 eas
1068 2617 1368 2699 luculentissime
1388 2617 1548 2719 digessit.
1612 2633 1616 2638 ·
1736 2645 1738 2652 ·

613 2802 1274 2896 PRAELECTIO
1346 2804 1477 2895 XXI.

445 2945 507 3029 Da
524 2945 636 3033 Motu
650 2947 884 3060 Sympathiae,
908 2945 962 3041 &⁹
983 2946 1240 3054 Antipatbiae3
1268 2949 1331 3034 ubl
1343 2951 1452 3032 etiam
1472 2943 1514 3030 di
1536 2945 1672 3056 Magia

977 3063 1125 3136 naturast.

142 3227 147 3234 ·
245 3204 374 3303 nyma.
389 3192 514 3293 u338.
524 3193 744 3332 Srmparbtae
770 3195 933 3291 nomine
957 3193 1195 3294 intelligitur
1220 3213 1353 3278 mutua
1381 3197 1512 3300 aliqua
1539 3195 1644 3276 inter
1664 3213 1728 3269 res

118 3305 122 3313 ’
211 3307 305 3406 ista,
328 3305 371 3382 θ’
427 3343 429 3349 s
593 3295 790 3399 amicitia,
817 3297 884 3378 seu
914 3295 1153 3380 consensio:
1204 3309 1384 3407 antipathia
1411 3314 1538 3380 autem
1561 3295 1738 3399 nominex

212 3415 345 3513 ,mipa-
387 3391 546 3478 inimica
568 3397 763 3502 quaepiam
784 3396 985 3501 dissensio,
1011 3403 1123 3502 eujus
1141 3421 1205 3486 aut
1222 3401 1489 3483 consensionis
1505 3418 1571 3482 aut
1588 3397 1727 3476 dissen-

210 3508 373 3613 rbtaqatdt
389 3494 506 3582 sionis
533 3503 731 3606 concursu
758 3503 921 3584 effeuus
940 3497 1175 3592 ⁴educuntur
1202 3507 1245 3586 in
1272 3503 1421 3605 lucem,
1457 3503 1526 3606 qui
1552 3499 1737 3606 quodam.

387 3625 458 3683 nos
483 3605 643 3706 stupore
669 3605 906 3703 percellunt.
960 3608 1147 3688 Occurrit
1172 3623 1299 3692 autem
1325 3606 1559 3686 mirabilium
1585 3605 1724 3698 horum

388 3700 601 3804 effei'tuiim
619 3709 811 3809 permulta
829 3709 937 3810 seges
963 3705 1004 3786 in
1031 3733 1163 3792 rerum
1195 3725 1338 3799 natura.
1390 3705 1659 3810 Peripatetici,
1679 3716 1727 3784 ut

242 3815 373 3889 Occulta
389 3805 429 3882 se
455 3806 609 3890 felicius
634 3810 681 3890 ab
708 3811 966 3914 explicatione
994 3809 1134 3894 horum
1161 3815 1437 3915 phaenomenoi
1462 3811 1725 3904 eliberarent,

210 3917 351 4016 quailta—
388 3910 621 4027 sympathiam,
656 3915 695 3994 tiz
719 3921 942 4036 Antipatbiam
968 3916 1072 3998 inter
1096 3922 1229 4010 occultas
1252 3924 1418 4024 qualitates
1446 3917 1725 4018 reposuerunt,

215 4037 260 4090 aas
282 4017 373 4120 palli-
388 4026 482 4106 rati,
509 4011 549 4087 se
566 4015 739 4121 Physicae
757 4021 933 4100 scientiae
968 4017 1012 4099 ih
1035 4015 1231 4100 causarum
1263 4021 1591 4124 pervestigatione
1615 4041 1741 4121 egre.

213 4143 269 4191 um
287 4126 372 4219 igno-
389 4111 453 4215 gie
469 4111 608 4218 litasse,
635 4117 935 4203 determinando
952 4142 1097 4214 nomen
1123 4123 1353 4221 genericum
1373 4133 1617 4212 occultarum
1634 4152 1724 4232 qua·

211 4229 331 4297 tantia.
388 4211 537 4299 litatum
552 4229 729 4326 tanquam
756 4221 980 4326 specificam
1007 4222 1157 4304 causam
1181 4227 1341 4312 illorum
1368 4233 1602 4330 effestuum,
1628 4257 1723 4332 quo-

1083 4367 1088 4374 ·
1475 4403 1484 4426 ,
1584 4361 1674 4422 runi
