3900 4956
443 505 497 590 πα
976 485 1195 568 Srcrrours
1219 481 1254 565 1.

391 677 582 756 diametro
607 669 797 770 maiorem
822 668 892 750 vix
917 665 1047 752 adhuc
1074 669 1125 754 de
1158 671 1370 754 velocitate
1403 673 1470 754 sua
1496 671 1725 760 senlihiliter

390 771 575 857 defecille
593 774 833 854 advertatur.

218 871 299 955 Tai.
319 871 347 946 l·
405 969 408 976 Ι
488 877 522 980 q.
544 891 606 974 53.
641 877 843 956 Praeterea
860 873 1042 954 dicantur
1058 873 1140 956 duo
1163 899 1333 978 corpora
1358 875 1503 979 optime
1527 875 1724 982 laevigata,

213 985 280 1081 hg.
306 991 342 1054 8·
390 977 482 1060 A&
499 981 554 1078 B,
582 995 677 1080 quae
701 974 872 1058 invicem
890 980 930 1058 se
953 975 1237 1078 superficiebus
1267 979 1548 1080 contigerunt,
1576 981 1654 1058 ase
1672 981 1729 1062 in·

373 1078 520 1158 'vicem
539 1077 740 1158 removeri
759 1134 774 1180 ,
803 1079 947 1161 etiamst
975 1103 1147 1181 corpore
1170 1075 1408 1162 subtiliffimo
1427 1081 1464 1158 da
1482 1079 1729 1161 mobilillimo

390 1181 633 1284 ambiantur,
668 1180 763 1260 dum
789 1199 918 1264 tamen
939 1181 984 1260 ab
1011 1180 1181 1262 invicem
1207 1197 1499 1282 removentur,
1526 1183 1725 1264 necellum

391 1284 473 1384 est,
496 1281 595 1360 illud
612 1280 802 1383 fluidum,
828 1283 938 1386 quod
963 1299 1184 1382 aperturam
1210 1283 1467 1385 ingreditur,
1494 1287 1665 1382 primum
1682 1283 1730 1366 ad

394 1389 494 1484 CC,
514 1395 597 1459 tum
615 1407 715 1462 vero
743 1385 790 1460 ad
811 1387 851 1462 D
873 1383 1114 1483 pervenire:
1150 1383 1269 1487 igitur
1292 1383 1390 1462 illud
1409 1387 1451 1464 D
1480 1385 1636 1465 interim
1666 1411 1731 1466 va·

395 1481 638 1666 cuthmfuig
665 1483 865 1564 manifesto
894 1499 1151 1590 argumento,
1177 1515 1310 1564 vacuum
1337 1486 1378 1566 in
1406 1498 1544 1566 natura
1569 1489 1731 1572 omnino

395 1607 460 1667 exr
494 1610 576 1666 ere.

464 1693 536 1788 ⁵5·
559 1709 620 1784 st.
655 1691 861 1770 caeterum
909 1685 1151 1770 advertimus
1182 1697 1344 1790 adrem,
1378 1704 1468 1772 utut
1489 1686 1732 1768 elementum

394 1789 610 1895 persubtile
627 1789 714 1888 est,
742 1789 889 1870 vitrum
917 1807 1046 1872 tamen
1079 1807 1289 1891 penetrare
1313 1815 1394 1872 non
1419 1787 1554 1892 poffe3
1581 1789 1729 1871 vitrum

395 1889 664 1996 undequaque
681 1889 1032 1995 subingrediuntur
1048 1894 1254 1995 particulae
1272 1893 1372 1972 lucis
1389 1893 1469 1972 srne
1489 1889 1579 1969 vitri
1598 1891 1731 1970 dilata·

398 1994 510 2072 tione
530 2023 543 2096 3
570 1993 691 2093 igitur
709 1993 795 2095 pori
812 1993 925 2072 vacui
944 1996 985 2074 in
1001 1993 1108 2074 vitro
1133 1995 1208 2074 elle
1226 1995 1396 2092 debent,
1426 1991 1494 2096 qui
1513 1991 1613 2072 viam
1632 1992 1731 2070 lucis

401 2095 603 2193 particulis
627 2093 869 2198 indulgeant.
923 2099 943 2174 1
972 2096 1010 2176 se
1035 2105 1101 2176 adr
1120 2095 1212 2178 luce
1239 2095 1515 2177 collustratur:
1549 2095 1731 2198 igitur&

399 2195 511 2276 illum
533 2195 588 2274 his
616 2195 873 2278 vacuitatibus
890 2123 1120 2278 inlinitum
1150 2198 1226 2278 elle
1254 2211 1428 2314 oportet.
1448 2223 1461 2296 3
1493 2221 1581 2275 nam
1599 2209 1734 2274 materia

389 2297 534 2401 fidolo,
554 2321 669 2400 quam
694 2305 861 2402 carrefiam'
875 2297 1006 2378 inhos
1029 2323 1150 2398 poros
1176 2299 1436 2400 substruunt,
1461 2297 1602 2396 partim
1625 2321 1731 2377 corn.

392 2397 570 2479 mentitia
587 2399 664 2500 est,
692 2415 737 2478 ut
746 2399 850 2478 infra
867 2397 1179 2518 dicam(§.139)
1200 2429 1215 2518 3,
1238 2401 1378 2504 partim
1405 2423 1539 2516 neque
1565 2397 1644 2497 ipsa
1660 2401 1730 2482 lux

393 2495 620 2600 subingredi
638 2523 761 2597 poros
778 2497 865 2578 illos
886 2503 1007 2600 pollet
1011 2559 1035 2684 ἆ
1062 2503 1190 2606 ahqua
1201 2527 1277 2602 Jam
1303 2515 1462 2583 materia
1478 2499 1668 2602 repletos.

495 2605 530 2700 §.
552 2617 614 2698 55.
643 2603 788 2706 Neque
814 2602 986 2683 absolute
1038 2601 1090 2682 ici
1118 2605 1245 2704 potest
1270 2605 1434 2684 :omnia
1461 2625 1631 2706 corpora
1654 2601 1729 2682 else

392 2705 507 2809 plena
526 2699 733 2804 aequaliter
748 2730 760 2806 3
786 2725 873 2780 nam
890 2703 919 2782 sr
937 2705 1038 2808 hoc,
1061 2707 1196 2785 forent
1210 2705 1273 2784 illa
1288 2727 1454 2806 corpora
1471 2703 1613 2808 utique
1631 2705 1732 2804 ejus-

393 2807 483 2886 dem
505 2801 729 2905 densitatis,
758 2805 1028 2910 haberentque
1053 2807 1159 2888 vires
1186 2807 1343 2890 inertiae
1370 2803 1627 2909 magnitudini
1642 2831 1733 2907 pro-
1785 2805 1791 2812 '

392 2907 632 3010 portionales
658 2907 850 3015 (§.99);
890 2925 1011 3014 atque
1039 2909 1155 2990 etiam
1182 2907 1302 2989 ellent
1328 2907 1504 3010 ejusdem
1532 2905 1731 3008 gravitatis

392 3005 594 3104 specificae
611 3012 674 3185 (ἓ
688 3013 800 3110 162).
852 3017 994 3116 Atque
1006 3010 1099 3094 inde
1123 3011 1223 3094 aeris
1241 3010 1353 3114 regio
1372 3013 1422 3088 ob
1440 3009 1620 3090 summam
1636 3009 1732 3090 den·

393 3107 542 3186 fitatem
557 3109 626 3187 flui
657 3133 715 3186 am
731 3115 908 3190 materiae
927 3112 1023 3188 nihil
1040 3115 1205 3194 cederet
1226 3111 1405 3213 gravitati
1420 3109 1733 3211 specificaemer·

378 3205 529 3308 surii,
557 3209 623 3286 vel
640 3209 774 3311 liquati
792 3211 874 3288 auri
896 3237 908 3312 3
936 3211 1015 3288 imo
1041 3212 1204 3292 aliorum
1228 3211 1403 3294 omnium
1431 3235 1644 3311 corporum
1662 3211 1731 3294 de·

377 3305 571 3388 seersum
593 3311 850 3409 praepediret.
911 3313 1015 3392 Hinc
1037 3323 1202 3394 Ncuaomo
1230 3317 1301 3394 Lib.
1329 3323 1541 3394 11.l>rinct.
1571 3317 1728 3394 Mariam.

393 3411 520 3517 Propofi
549 3433 604 3514 40.
634 3409 710 3492 aits
738 3435 774 3492 ut
800 3417 862 3492 bac
883 3418 1038 3516 resssientia
1062 3420 1277 3508 diminuatur,
1305 3419 1442 3494 dimittati
1460 3338 1545 3490 dolis
1570 3427 1731 3590 quantitas

396 3525 531 3594 materia
547 3521 721 3622 iaspidis,
742 3543 803 3620 per
818 3547 883 3622 quae
903 3543 1033 3624 corpora
1050 3540 1224 3596 moventur.
1283 3527 1323 3596 Er
1343 3537 1508 3623 propterea
1530 3543 1569 3590 ca
1582 3521 1647 3617 qiia
1658 3523 1731 3626 spa-

398 3629 466 3704 ria,
480 3643 536 3724 per
547 3647 618 3720 qua
628 3618 715 3724 globi
723 3623 926 3728 planetarum
943 3627 985 3699 &f
1004 3643 1187 3700 cometarum
1206 3629 1240 3697 in
1261 3649 1364 3698 onam
1378 3640 1480 3716 perles
1496 3615 1669 3705 liberrime,
1689 3617 1731 3698 o‘

400 3723 513 3820 absque
532 3731 614 3796 omni
628 3744 730 3798 morus
744 3722 950 3798 diminutione
964 3721 1087 3819 [cambii
1098 3745 1244 3828 perpetuo
1262 3743 1443 3806 moventur,
1453 3719 1550 3816 fluido
1568 3733 1652 3798 omni
1661 3751 1733 3798 cor·

396 3843 474 3937 porr
486 3819 687 3910 destituuntur
700 3855 713 3914 ,-
728 3825 852 3926 fisortae
867 3848 992 3921 vapores
1009 3829 1093 3930 longa
1109 3827 1307 3924 timidiores,
1322 3825 1364 3902 ὅ
1379 3825 1517 3921 lrajciios
1535 3825 1612 3900 lucis
1632 3823 1733 3902 radios

241 3959 245 3964 '
399 3945 463 3996 ‘xci
487 3949 547 3994 ilii·

209 4017 306 4094 Ratio
319 4008 387 4114 Μ·
458 3945 533 4119 pb.
550 4019 609 4116 56.
640 4021 820 4102 lculntctus
841 4024 879 4103 dc
905 4028 1034 4126 Woiffius
1054 4047 1220 4103 vacuum
1248 4023 1478 4125 impugnant
1496 4039 1578 4106 tum
1599 4047 1648 4102 ex
1683 4055 1734 4104 eit·

202 4119 324 4215 ficiens.
388 4124 522 4226 seillam
539 4131 623 4220 Det,
645 4141 738 4223 quae
757 4127 882 4204 multo
898 4125 1017 4230 magis
1036 4127 1246 4222 eluceret,
1274 4125 1301 4204 fi
1323 4123 1453 4202 omnia
1471 4127 1585 4224 plena
1612 4149 1634 4206 e
1665 4140 1733 4206 ent

392 4221 655 4327 corporibus,
682 4223 858 4332 nihilque
875 4250 1057 4312 mancum
1075 4241 1141 4309 aut
1159 4251 1329 4316 vacuum
1347 4229 1595 4330 reperiretur
1613 4255 1623 4305 ε
1648 4243 1733 4310 tum

1635 4351 1686 4410 ex
