3782 4958
260 495 482 578 enaulx.
509 492 719 576 DrLuce
737 491 992 600 Rerntcrn
1013 495 1316 577 arbanam.
1366 523 1449 604 409

154 680 252 766 stior
275 681 373 779 est3
424 675 519 757 Pifis
541 678 689 781 quippe
717 689 915 777 repertum
949 680 1007 762 est
1036 681 1360 785 manuscriptum,
1386 684 1497 786 quod

4 789 5 798 '
151 784 324 890 primum
349 781 600 860 inventorem
627 779 762 858 harum
786 780 950 862 lentium
983 784 1020 863 dr
1048 783 1313 866 meniscorum.
1338 787 1494 888 allignat

4 947 5 960 l
151 890 366 966 Maeandrum
383 889 421 960 dr
438 896 556 990 spina,
581 882 651 984 qui
677 883 781 963 circa
796 907 943 965 annum
972 907 1017 985 13
1043 887 1187 968 Christi
1216 903 1393 970 mortuus
1415 891 1496 990 est,

4 983 6 992 ’
153 988 233 1088 ita,
258 1001 304 1067 ut
328 983 509 1066 inventio
535 983 674 1068 horum
704 983 869 1066 lentium
891 985 933 1064 in
962 1011 1111 1066 annum
1140 1013 1237 1092 1305
1268 990 1498 1093 rejiciatur,

150 1088 259 1195 quod
276 1089 315 1170 dr
331 1084 545 1169 Academia
563 1095 664 1166 Delta
684 1098 796 1187 crasco
810 1087 980 1169 testatur.
1014 1091 1187 1169 Dilsronar.
1206 1095 1283 1171 scal.
1369 1137 1373 1150 ·

255 1196 286 1295 §-
301 1218 386 1292 452·
428 1188 674 1272 Existimavit
697 1187 857 1292 quidem
887 1187 1101 1292 Cartefius,
1126 1191 1314 1292 temporis
1340 1190 1392 1270 dr·
1407 1191 1501 1274 artis

151 1292 378 1398 progressu,
404 1292 509 1395 spem
527 1289 757 1393 imminere,
782 1305 826 1370 ut
840 1291 1143 1390 telescopiorum
1173 1318 1248 1393 ope
1266 1295 1307 1374 in
1325 1292 1496 1392 longim-

151 1396 225 1475 mis
244 1397 435 1477 astrorum
457 1391 644 1476 distantiis
659 1392 871 1480 minutiora
885 1391 1072 1500 quaedam
1095 1395 1222 1477 veluti
1249 1397 1496 1575 planetarum
1530 1441 1533 1453 ·

81 1569 84 1574 .
149 1499 299 1580 incolae
324 1495 524 1578 observari
548 1511 720 1602 queantr
764 1499 981 1598 praesertim
1009 1497 1036 1576 sr
1063 1495 1189 1578 lentes
1213 1499 1293 1582 Eli
1320 1499 1411 1582 ticae
1433 1515 1500 1578 aut

151 1597 438 1706 Hyperbolicae
456 1597 601 1717 insigni
627 1597 798 1678 artificio
821 1599 973 1682 suerint
988 1599 1172 1698 expolitae
1193 1624 1205 1702 3
1241 1525 1320 1678 sed
1339 1600 1500 1684 evanuit

150 1705 194 1783 iu
214 1703 459 1803 posterorum
482 1700 620 1780 animis
635 1699 762 1778 omnis
779 1716 971 1803 concepta
985 1703 1090 1802 spes,
1116 1700 1221 1807 quod
1242 1703 1288 1783 od
1307 1703 1418 1803 Jovis
1434 1703 1495 1782 in·

151 1805 258 1886 colas
281 1801 547 1884 observandos
571 1801 686 1882 lentis
710 1819 892 1903 apertura
918 1817 1020 1885 tanta
1044 1803 1119 1883 elle
1143 1805 1335 1907 deberet,
1359 1821 1405 1886 ut
1432 1806 1495 1886 Cl.

150 1915 348 1991 loman-
364 1921 398 1982 ln
414 1917 494 1984 Alia
510 1908 608 1990 Acad.
624 1913 778 2010 Pcrropol.
800 1927 861 1980 an.
893 1910 990 2003 1726
1020 1925 1323 2008 commemorat,
1348 1925 1496 2012 quanta

151 2008 210 2090 est
225 2005 436 2088 diametrus
451 2006 604 2088 telluris
630 2031 642 2084 r
680 2005 781 2112 Quis
800 2017 941 2086 tantam
960 2005 1032 2085 srbi
1044 2007 1139 2089 aufit
1154 2034 1329 2110 unquam
1347 2011 1495 2090 lentem

150 2107 332 2214 polliceri
346 2113 367 2188 ἓ,
388 2111 502 2190 Luna
520 2123 653 2206 certo,
679 2106 1040 2210 propinquissimum
1059 2127 1183 2192 terrae
1200 2109 1325 2211 fidus,
1352 2111 1496 2190 fitele·

153 2213 286 2314 scopio
302 2209 613 2316 quadringentos
641 2207 759 2308 pedes
784 2209 902 2308 longo
927 2211 1224 2306 observaretur,
1252 2239 1334 2292 non
1353 2236 1495 2293 occur·

150 2329 260 2396 reret
274 2313 394 2413 magis
412 2312 610 2416 distincta,
636 2337 749 2415 quam
769 2309 816 2390 ad
843 2311 1060 2396 distantiam
1083 2342 1100 2415 5
1130 2313 1355 2396 milliarium
1380 2313 1499 2396 nudis

152 2413 282 2498 oculis
296 2415 527 2515 conspeua;
582 2411 775 2518 Nunquid
804 2411 906 2496 &ad
928 2416 1063 2516 hanc5
1084 2415 1310 2499 milliarium
1330 2418 1498 2497 interca·

148 2517 336 2623 pedinem
352 2521 509 2600 lunares
526 2517 673 2600 incolae
689 2519 951 2630 apparerent?
1002 2519 1089 2600 Fiat
1111 2520 1240 2621 itaque
1265 2520 1497 2622 telescopio·

147 2643 245 2702 rum
261 2643 337 2722 ope
354 2625 510 2722 Jupiter
526 2638 602 2702 tam
620 2643 866 2724 proprnquus
891 2634 1011 2700 terrae
1030 2647 1074 2700 ac
1102 2623 1215 2724 luna,
1239 2623 1496 2722 planeticolae

147 2739 278 2803 tamen
308 2725 421 2810 etiam
451 2725 495 2806 in
519 2723 593 2800 hac
622 2719 767 2800 vicinia
797 2745 953 2799 omnem
984 2723 1088 2802 visus
1120 2727 1245 2804 aciem
1274 2724 1498 2822 longiffime

151 2825 445 2927 subterfugient
494 2825 648 2910 Extima
667 2822 751 2900 lens
768 2821 924 2936 intubis
941 2823 1099 2937 opticis,
1119 2851 1209 2938 quae
1226 2823 1496 2924 objestispro-

149 2926 240 3030 pior
254 2929 334 3029 est,
358 2943 522 3010 vocatur
538 2934 601 3003 lens
619 2926 792 3024 olintum
819 2923 887 3000 rlla
902 2947 1000 3003 vero
1017 2943 1188 3006 interior
1206 2927 1243 3006 dc
1262 2927 1387 3007 oculis
1403 2951 1491 3025 pro-

176 3030 295 3132 inqua
312 3039 376 3107 lens
392 3039 520 3108 ocularia
539 3026 701 3106 dicitur.
752 3023 844 3103 Sive
872 3040 1002 3104 autem
1021 3025 1190 3130 duabus,
1216 3031 1296 3110 sive
1313 3029 1494 3129 pluribus

148 3059 321 3212 ienaibus
335 3133 590 3232 telescopium
605 3141 881 3230 componatur,
905 3155 982 3210 una
1005 3145 1158 3212 tautum
1183 3129 1258 3212 effe
1281 3133 1383 3215 solet
1404 3135 1494 3212 lena

147 3233 365 3336 obieiiiva,
392 3233 656 3314 caeteraesunt
676 3230 865 3311 oculares.
1054 3241 1057 3248 '
1477 3285 1479 3288 -

253 3342 284 3439 l.
302 3361 392 3440 453.
422 3335 607 3438 Duplicis
633 3331 788 3434 generis
813 3335 904 3417 sunt
922 3337 1132 3439 telescopia
1155 3342 1353 3443 aflrowmica
1380 3337 1640 3441 nimi-illes*

150 3465 237 3522 rum
258 3441 296 3520 da
315 3441 477 3539 reneflria.
526 3435 800 3526 Telescouium
820 3438 1145 3541 astronomicum,
1171 3465 1244 3542 pro
1260 3440 1368 3520 astris
1384 3463 1490 3517 nem·
1498 3453 1588 3537 piam
1664 3497 1668 3506 ,

148 3567 200 3646 pe
219 3537 466 3642 explorandis
483 3538 660 3620 adhiberi
688 3537 864 3632 solitum,
893 3539 1039 3642 duplici
1067 3545 1173 3622 lente
1193 3565 1369 3624 convexa
1400 3544 1634 3640 con-qlrona

149 3645 241 3745 siat,
266 3643 385 3722 altera
405 3641 618 3743 objedirva,
635 3641 755 3720 altera
776 3643 928 3720 oculari
956 3673 969 3724 r
1020 3641 1223 3747 Objestiua
1243 3647 1329 3722 lens
1348 3641 1630 3742 samur-micam.

150 3747 210 3827 tio
227 3745 383 3847 majoris
396 3746 584 3844 sphaerae,
609 3740 778 3824 ocularis
794 3767 897 3825 vero
915 3745 962 3828 sit
977 3745 1141 3844 sphaerae
1158 3745 1323 3824 minoris
1339 3745 1490 3846 porri03

147 3849 290 3956 haeque
315 3849 367 3927 ita
385 3847 488 3926 intra
505 3849 640 3928 tubum
659 3841 877 3942 abduntur,
904 3865 949 3928 ut
972 3846 1022 3925 ad
1038 3850 1174 3946 justam
1201 3844 1416 3928 distantiam
1432 3847 1493 3926 so-

150 3975 240 4034 cum
265 3973 518 4030 communem
536 3947 809 4029 nanciscantur
826 3976 838 4046 ς
866 3949 1012 4028 interni
1027 3951 1210 4030 tuborum
1229 3951 1409 4050 parietes,
1433 3949 1491 4029 ni-

145 4077 234 4156 gro,
259 4053 464 4152 tinguntur
500 4053 664 4146 coloret
699 4052 747 4128 ab
778 4051 855 4128 hoc
889 4050 997 4130 enim
1030 4070 1137 4134 extra
1171 4067 1352 4152 vagantes
1388 4051 1490 4131 radii

149 4159 422 4237 absorbentur.
472 4154 743 4237 constituatur
772 4150 972 4253 objetlum
1009 4155 1174 4236 coelesle
1208 4161 1345 4258 ABF,
1378 4160 1488 4256 cuitu
1503 4161 1658 4239 rursu.

148 4283 173 4340 e
199 4259 322 4341 variis
341 4257 497 4362 punitis
522 4256 621 4342 varii
634 4253 1388 4446 radlol}q}raquaversumevibrenturq
1425 4263 1559 4368 Exsr'g·
1575 4284 1612 4356 4.

1333 4383 1435 4466 pua·
