3878 4958
317 449 556 572 Psaaacmo
568 482 620 564 X.
639 481 976 566 DaMoamrrara
985 483 1104 564 Cosa.
1113 502 1168 562 ar
1177 485 1318 566 Iunas.
1423 501 1494 570 101

210 691 324 794 aquae
339 685 467 777 partes
484 669 740 772 contingant,
764 669 831 748 vel
851 653 965 750 etiam
994 693 1078 774 quo
1103 669 1274 766 validior
1299 657 1467 775 impetus
1484 697 1545 756 re·

209 803 281 876 mis
305 779 427 860 suerit
448 770 660 882 imprellus
711 778 772 856 Ex
799 771 858 852 his
884 772 1086 854 hominum
1114 789 1284 878 natatus,
1309 778 1545 882 volatusque

208 881 341 964 avium
366 897 561 985 perpetua
588 875 760 976 analogia
788 873 1011 960 deducitur.
1073 877 1239 994 Quodsr
1269 877 1362 960 duae
1391 880 1546 962 suerint

263 986 389 1088 mbae,
414 981 578 1102 aequalis
603 978 790 1082 ponderis
818 980 856 1060 δι
882 976 1184 1080 magnitudinis,
1212 995 1329 1087 atque
1344 982 1392 1062 in
1405 985 1544 1066 harum

210 1103 333 1166 atera
351 1089 586 1170 constrtutus
600 1097 735 1185 nauta,
753 1083 928 1164 adhibito
955 1081 1075 1186 sune,
1102 1084 1234 1164 navim
1263 1088 1420 1166 alteram
1439 1088 1485 1168 ad
1504 1087 1544 1166 se

210 1192 406 1271 attrahere
422 1187 616 1296 moliatur,
633 1187 777 1290 aequali
794 1200 902 1267 motu
918 1199 1088 1294 utraque
1104 1186 1243 1290 cymba
1254 1189 1301 1289 in
1321 1191 1430 1294 aquis
1438 1214 1543 1271 com·

210 1295 463 1395 movebitur,
489 1289 620 1368 donec
643 1287 686 1371 in
713 1289 844 1367 media
867 1289 1058 1392 utrinque
1087 1287 1268 1370 distantia
1294 1306 1544 1376 concurrant

213 1397 336 1502 Quod
357 1395 537 1502 ficymba
555 1393 746 1474 alterutra
758 1389 876 1492 triplo
893 1392 1017 1505 maj0r
1034 1389 1272 1496 graviorque
1289 1393 1435 1502 suerit,
1468 1394 1546 1474 erit

212 1501 329 1602 hujus
346 1500 535 1582 velocitas
549 1495 670 1597 triplo
689 1493 821 1575 minor
836 1495 1047 1574 velocrtate
1063 1493 1223 1588 alterius
1238 1497 1310 1576 bac.

316 1606 344 1705 h.
363 1621 446 1702 107.
471 1602 697 1698 Deferpuuo
716 1597 820 1693 naoba'la‘
838 1596 904 1674 hic
921 1597 1071 1676 mentio
1087 1595 1199 1699 injici
1212 1603 1302 1702 jure
1314 1597 1447 1704 debet,
1467 1623 1545 1682 ceu
1559 1612 1703 1694 Perpetu-

202 1705 264 1782 'de
283 1703 478 1807 machina,
494 1697 768 1780 ardentillimis
783 1699 958 1780 omnium
978 1713 1135 1779 aetatum
1158 1703 1195 1780 da
1212 1703 1428 1804 sapientum
1446 1704 1547 1794 votis
1561 1727 1615 1776 um
1633 1727 1702 1778 mo·

212 1805 462 1908 desiderata,
489 1803 730 1906 summisque
752 1803 922 1902 ingeniis
946 1800 1227 1904 nequidquam
1248 1823 1422 1908 tentata;
1454 1831 1547 1913 quae
1563 1801 1632 1888 hh.

210 1909 253 1990 vi
271 1911 516 1990 mechanicae
535 1909 619 1986 suae
627 1903 796 2006 partium
814 1905 898 1987 stru
906 1900 1033 1982 {lurae
1043 1905 1115 1984 hac
1129 1903 1314 1990 facultate
1329 1913 1488 2012 polleat,
1503 1925 1548 1994 ut

209 2027 363 2093 motum
381 2013 454 2092 libi
473 2010 592 2088 semel
610 2009 657 2086 ab
677 2005 899 2086 extrinseca
929 2005 1044 2088 causa
1072 2005 1300 2108 imprellum,
1318 2013 1547 2095 constanter

211 2127 397 2216 tueatur5
421 2128 697 2213 aeternumque
716 2109 849 2188 hocin
870 2121 980 2190 motu
996 2112 1183 2212 aequabili
1208 2117 1497 2218 perseveraret,
1514 2115 1544 2196 ss

210 2217 374 2298 materia
388 2215 490 2316 ipsa,
513 2237 628 2314 equa
647 2211 820 2312 constat,
846 2229 996 2292 aeterna
1014 2213 1128 2294 nullo
1145 2241 1201 2296 un
1232 2221 1321 2298 uam
1338 2221 1377 2298 se
1395 2235 1543 2319 patere-

209 2338 279 2400 tur
294 2325 394 2419 usu‚
420 2319 530 2398 nulla
544 2315 743 2394 attritione
762 2313 951 2430 consumi.
1013 2317 1063 2396 Et
1083 2244 1262 2417 prosedo
1275 2322 1436 2412 ¹nullum
1455 2321 1547 2400 esset

211 2426 416 2504 inventum
445 2421 625 2502 humanae
648 2417 821 2497 societau
847 2441 920 2518 pro
944 2417 1262 2506 mechanicarum
1291 2425 1467 2507 omnium
1485 2449 1543 2503 ar·

207 2526 312 2607 tium
330 2519 503 2603 sublidio
522 2517 793 2620 exoptabilius.
845 2519 1071 2604 Difficultas
1093 2521 1223 2630 illius,
1246 2547 1291 2612 ut
1309 2527 1382 2606 alia
1401 2543 1543 2628 praete-

210 2651 339 2726 ream,
366 2649 413 2702 ex
432 2648 480 2706 eo
498 2623 732 2742 potiffimum
757 2620 986 2739 dependet,
1017 2623 1125 2727 quod
1140 2631 1335 2744 quantitas
1349 2629 1543 2712 frit'tionis

203 2730 415 2812 'continuae
433 2743 622 2829 partium,
647 2725 743 2806 hu1c
759 2725 1298 2833 machmaeneceffauaium,
1323 2729 1543 2813 hodiedum

212 2831 379 2934 reperiri
404 2856 488 2910 non
508 2826 683 2929 potuerit
708 2849 779 2926 per
802 2828 982 2940 ereetum
1008 2830 1236 2932 calculum,
1270 2857 1402 2936 neque
1429 2833 1542 2912 etiam

210 2951 319 3038 aptus
332 2933 494 3036 modus,
521 2925 744 3027 deperditas
755 2923 976 3010 affrrttione
991 2931 1121 3030 vires,
1150 2957 1198 3012 ex
1216 2932 1335 3034 ipsius
1351 2932 1544 3014 machinae

210 3037 428 3136 strutlura‚
446 3025 699 3113 resarciendi.
752 3033 853 3112 Cum
873 3030 979 3112 enim
997 3035 1179 3114 motrices
1195 3033 1301 3116 vires
1315 3037 1357 3118 in
1376 3036 1454 3140 ipsa
1464 3061 1542 3115 ma·

207 3141 328 3221 'china
346 3130 617 3221 tantummodo
635 3131 747 3234 sunt,
772 3131 917 3213 frustra
934 3155 982 3212 ex
999 3133 1078 3216 illis
1092 3157 1309 3240 perpetuus
1331 3157 1460 3236 motus
1476 3163 1542 3218 ex-

207 3243 450 3350 pectabitur,
476 3238 549 3321 nih
570 3251 724 3354 praeter,
735 3235 926 3352 machinae
941 3235 1045 3318 vires
1063 3243 1280 3326 continuus
1288 3244 1389 3324 alter
1403 3241 1543 3345 impul-

212 3350 277 3432 sus
296 3343 468 3426 accedat.
520 3339 686 3456 Plurimi
713 3339 797 3440 post
816 3361 974 3420 manem
996 3347 1208 3448 temporis,
1231 3345 1542 3450 sumptuumque

209 3449 477 3554 perditionem
494 3443 651 3526 tandem
665 3441 897 3541 rmpoffibile
913 3448 1074 3543 prorsus
1090 3447 1192 3534 illud
1212 3447 1421 3530 inventum
1440 3447 1543 3542 aesti-

210 3565 447 3651 mavesunt3
482 3571 654 3651 quorum
679 3543 839 3660 quidem
875 3545 1362 3634 sententiae·.subscribere
1389 3549 1543 3646 nolim,

211 3653 429 3762 praesertim
446 3673 538 3732 cum
555 3649 667 3752 plura
684 3670 726 3728 rn
744 3649 1017 3756 hermenia,
1044 3655 1185 3756 Optica
1209 3655 1281 3734 dac.
1307 3651 1472 3736 fortuito
1486 3651 1545 3730 in·

210 3775 328 3844 venta
342 3759 441 3857 sint,
464 3775 559 3858 quae
573 3767 651 3832 tam
667 3747 823 3852 trepide
840 3771 885 3828 ac
901 3751 1027 3856 ipsum
1044 3761 1230 3856 Perpetuam
1245 3757 1353 3834 molita
1370 3749 1546 3857 expella-

211 3868 248 3947 ri
266 3857 475 3966 aliquando
491 3851 717 3958 potuillent,
744 3852 970 3958 poteritque
987 3881 1059 3958 per
1075 3855 1285 3941 fortuitum
1303 3859 1433 3951 casum
1452 3883 1472 3936 a
1490 3857 1546 3938 se·

214 3967 318 4052 dulis
333 3957 751 4066 experimentatoribus
765 3953 868 4036 illud
884 3955 1039 4040 tandem
1056 3959 1097 4040 in
1113 3961 1245 4042 lucem
1255 3963 1420 4065 extrahi,
1434 3959 1544 4065 quod

214 4093 372 4153 omnem
388 4066 575 4148 haetenus
591 4058 868 4161 speculationis
886 4061 1009 4142 aciem
1027 4061 1154 4146 elulit.
1206 4059 1306 4144 Mihi
1327 4066 1417 4146 sane
1434 4065 1546 4164 polh-

213 4175 342 4252 bilitas
360 4180 503 4282 Perpau·
520 4165 638 4244 molito
656 4185 704 4244 ex
724 4186 773 4244 eo
797 4164 1004 4268 praecipue
1030 4165 1316 4271 confirmatur,
1340 4165 1448 4271 quod
1465 4181 1547 4248 tan·

214 4277 263 4357 tis
282 4273 411 4376 curis,
434 4286 548 4378 atque
565 4263 820 4448 solicitudirff
836 4267 957 4352 cultae
973 4283 1112 4374 gentes
1129 4267 1226 4355 illud
1245 4270 1547 4388 omnitempore

836 4390 859 4474 3
1364 4395 1500 4478 exqua-
