<?xml version="1.0" encoding="UTF-8"?>
<!DOCTYPE html PUBLIC "-//W3C//DTD XHTML 1.0 Transitional//EN"
    "http://www.w3.org/TR/xhtml1/DTD/xhtml1-transitional.dtd">
<html xmlns="http://www.w3.org/1999/xhtml" xml:lang="en" lang="en">
 <head>
  <title>
</title>
<meta http-equiv="Content-Type" content="text/html;charset=utf-8" />
  <meta name='ocr-system' content='tesseract 3.04.00' />
  <meta name='ocr-capabilities' content='ocr_page ocr_carea ocr_par ocr_line ocrx_word'/>
</head>
<body>
  <div class='ocr_page' id='page_1' title='image "./florianidalhami00dalhgoog_0313.png"; bbox 0 0 3782 4958; ppageno 0'>
   <div class='ocr_carea' id='block_1_1' title="bbox 436 477 1447 616">
    <p class='ocr_par' dir='ltr' id='par_1_1' title="bbox 436 477 1447 616">
     <span class='ocr_line' id='line_1_1' title="bbox 436 477 1447 616; baseline 0.012 -50"><span class='ocrx_word' id='word_1_1' title='bbox 436 481 746 570; x_wconf 72' lang='lat' dir='ltr'><strong>&#39;inrarerto</strong></span> <span class='ocrx_word' id='word_1_2' title='bbox 764 477 817 566; x_wconf 85' lang='lat' dir='ltr'><strong>n.</strong></span> <span class='ocrx_word' id='word_1_3' title='bbox 839 477 914 570; x_wconf 76' lang='lat' dir='ltr'><strong>De</strong></span> <span class='ocrx_word' id='word_1_4' title='bbox 940 481 1086 616; x_wconf 73' lang='lat' dir='ltr'><strong>tortu¹</strong></span> <span class='ocrx_word' id='word_1_5' title='bbox 1370 507 1447 594; x_wconf 80' lang='lat'><strong>309</strong></span> 
     </span>
    </p>
   </div>
   <div class='ocr_carea' id='block_1_2' title="bbox 116 661 1498 1198">
    <p class='ocr_par' dir='ltr' id='par_1_2' title="bbox 149 661 1498 878">
     <span class='ocr_line' id='line_1_2' title="bbox 149 661 1498 785; baseline 0 -33"><span class='ocrx_word' id='word_1_6' title='bbox 149 679 249 752; x_wconf 72' lang='lat' dir='ltr'><strong>hon</strong></span> <span class='ocrx_word' id='word_1_7' title='bbox 268 665 440 774; x_wconf 87' lang='lat' dir='ltr'><strong>concipit</strong></span> <span class='ocrx_word' id='word_1_8' title='bbox 454 667 619 785; x_wconf 81' lang='lat' dir='ltr'><strong>emplius</strong></span> <span class='ocrx_word' id='word_1_9' title='bbox 633 667 787 772; x_wconf 79' lang='lat' dir='ltr'><strong>ignem,</strong></span> <span class='ocrx_word' id='word_1_10' title='bbox 811 669 883 750; x_wconf 69' lang='lat' dir='ltr'><strong>nisi</strong></span> <span class='ocrx_word' id='word_1_11' title='bbox 911 669 961 750; x_wconf 82' lang='lat' dir='ltr'><strong>de</strong></span> <span class='ocrx_word' id='word_1_12' title='bbox 986 695 1094 752; x_wconf 88' lang='lat' dir='ltr'><strong>novo</strong></span> <span class='ocrx_word' id='word_1_13' title='bbox 1120 661 1344 752; x_wconf 69' lang='lat' dir='ltr'><strong>calcineltlr·</strong></span> <span class='ocrx_word' id='word_1_14' title='bbox 1394 671 1498 764; x_wconf 51' lang='grc' dir='ltr'><strong>ΗΕΘ</strong></span> 
     </span>
     <span class='ocr_line' id='line_1_3' title="bbox 154 769 1417 878; baseline 0.004 -24"><span class='ocrx_word' id='word_1_15' title='bbox 154 775 264 856; x_wconf 82' lang='lat' dir='ltr'><strong>curis</strong></span> <span class='ocrx_word' id='word_1_16' title='bbox 290 773 328 856; x_wconf 81' lang='lat' dir='ltr'><strong>dr</strong></span> <span class='ocrx_word' id='word_1_17' title='bbox 353 769 562 854; x_wconf 82' lang='lat' dir='ltr'><strong>industnae</strong></span> <span class='ocrx_word' id='word_1_18' title='bbox 587 771 768 878; x_wconf 78' lang='lat' dir='ltr'><strong>Homlcrgtt</strong></span> <span class='ocrx_word' id='word_1_19' title='bbox 792 787 946 876; x_wconf 89' lang='lat' dir='ltr'><strong>accepta</strong></span> <span class='ocrx_word' id='word_1_20' title='bbox 972 775 1170 855; x_wconf 85' lang='lat' dir='ltr'><strong>seruntur.</strong></span> <span class='ocrx_word' id='word_1_21' title='bbox 1411 851 1417 859; x_wconf 91' lang='lat'>.</span> 
     </span>
    </p>

    <p class='ocr_par' dir='ltr' id='par_1_3' title="bbox 116 871 1497 1198">
     <span class='ocr_line' id='line_1_4' title="bbox 160 871 1497 995; baseline -0.001 -39"><span class='ocrx_word' id='word_1_22' title='bbox 160 974 162 976; x_wconf 11' lang='lat'>¹</span> <span class='ocrx_word' id='word_1_23' title='bbox 255 879 317 956; x_wconf 85' lang='lat' dir='ltr'><strong>Ex</strong></span> <span class='ocrx_word' id='word_1_24' title='bbox 328 897 460 976; x_wconf 83' lang='lat' dir='ltr'><strong>regno</strong></span> <span class='ocrx_word' id='word_1_25' title='bbox 475 871 689 974; x_wconf 82' lang='lat' dir='ltr'><strong>vegetabili</strong></span> <span class='ocrx_word' id='word_1_26' title='bbox 702 873 969 980; x_wconf 86' lang='lat' dir='ltr'><strong>Pyrophorum</strong></span> <span class='ocrx_word' id='word_1_27' title='bbox 979 878 1051 957; x_wconf 84' lang='lat' dir='ltr'><strong>hac</strong></span> <span class='ocrx_word' id='word_1_28' title='bbox 1067 873 1171 956; x_wconf 85' lang='lat' dir='ltr'><strong>sacili</strong></span> <span class='ocrx_word' id='word_1_29' title='bbox 1186 873 1338 956; x_wconf 87' lang='lat' dir='ltr'><strong>ratione</strong></span> <span class='ocrx_word' id='word_1_30' title='bbox 1356 893 1497 995; x_wconf 81' lang='lat' dir='ltr'><strong>parare</strong></span> 
     </span>
     <span class='ocr_line' id='line_1_5' title="bbox 116 974 1494 1081; baseline 0 -25"><span class='ocrx_word' id='word_1_31' title='bbox 116 1041 119 1046; x_wconf 91' lang='lat'><em>.</em></span> <span class='ocrx_word' id='word_1_32' title='bbox 150 977 283 1077; x_wconf 82' lang='lat' dir='ltr'><strong>sole03</strong></span> <span class='ocrx_word' id='word_1_33' title='bbox 307 1002 323 1059; x_wconf 90' lang='lat' dir='ltr'><strong>r</strong></span> <span class='ocrx_word' id='word_1_34' title='bbox 342 987 489 1078; x_wconf 90' lang='lat' dir='ltr'><strong>partem</strong></span> <span class='ocrx_word' id='word_1_35' title='bbox 498 974 620 1081; x_wconf 77' lang='lat' dir='ltr'><strong>amyli</strong></span> <span class='ocrx_word' id='word_1_36' title='bbox 648 994 735 1054; x_wconf 89' lang='lat' dir='ltr'><strong>cum</strong></span> <span class='ocrx_word' id='word_1_37' title='bbox 755 1002 773 1077; x_wconf 83' lang='lat'>3</span> <span class='ocrx_word' id='word_1_38' title='bbox 793 976 965 1077; x_wconf 84' lang='lat' dir='ltr'><strong>partibus</strong></span> <span class='ocrx_word' id='word_1_39' title='bbox 979 977 1159 1060; x_wconf 86' lang='lat' dir='ltr'><strong>aluminis</strong></span> <span class='ocrx_word' id='word_1_40' title='bbox 1171 975 1338 1058; x_wconf 88' lang='lat' dir='ltr'><strong>Romani</strong></span> <span class='ocrx_word' id='word_1_41' title='bbox 1355 1003 1397 1060; x_wconf 88' lang='lat' dir='ltr'><strong>m</strong></span> <span class='ocrx_word' id='word_1_42' title='bbox 1415 977 1494 1056; x_wconf 86' lang='lat' dir='ltr'><strong>sar·</strong></span> 
     </span>
     <span class='ocr_line' id='line_1_6' title="bbox 151 1074 1493 1198; baseline -0.001 -39"><span class='ocrx_word' id='word_1_43' title='bbox 151 1079 285 1180; x_wconf 84' lang='lat' dir='ltr'><strong>tagine</strong></span> <span class='ocrx_word' id='word_1_44' title='bbox 301 1076 430 1158; x_wconf 86' lang='lat' dir='ltr'><strong>serrea</strong></span> <span class='ocrx_word' id='word_1_45' title='bbox 444 1074 765 1176; x_wconf 78' lang='lat' dir='ltr'><strong>torreo,adjetta,</strong></span> <span class='ocrx_word' id='word_1_46' title='bbox 782 1079 810 1158; x_wconf 88' lang='lat' dir='ltr'><strong>st</strong></span> <span class='ocrx_word' id='word_1_47' title='bbox 827 1081 966 1198; x_wconf 74' lang='lat' dir='ltr'><strong>placet,</strong></span> <span class='ocrx_word' id='word_1_48' title='bbox 983 1105 1101 1184; x_wconf 89' lang='lat' dir='ltr'><strong>parva</strong></span> <span class='ocrx_word' id='word_1_49' title='bbox 1115 1077 1326 1184; x_wconf 85' lang='lat' dir='ltr'><strong>quantitate</strong></span> <span class='ocrx_word' id='word_1_50' title='bbox 1337 1078 1493 1177; x_wconf 86' lang='lat' dir='ltr'><strong>saccari,</strong></span> 
     </span>
    </p>
   </div>
   <div class='ocr_carea' id='block_1_3' title="bbox 11 1177 1097 1283">
    <p class='ocr_par' dir='ltr' id='par_1_4' title="bbox 11 1177 1097 1283">
     <span class='ocr_line' id='line_1_7' title="bbox 11 1177 1097 1283; baseline 0.013 -35"><span class='ocrx_word' id='word_1_51' title='bbox 11 1177 13 1248; x_wconf 67' lang='grc' dir='ltr'><strong><em>ἕ</em></strong></span> <span class='ocrx_word' id='word_1_52' title='bbox 151 1207 197 1260; x_wconf 86' lang='lat' dir='ltr'><strong>ac</strong></span> <span class='ocrx_word' id='word_1_53' title='bbox 232 1179 389 1260; x_wconf 86' lang='lat' dir='ltr'><strong>tandem</strong></span> <span class='ocrx_word' id='word_1_54' title='bbox 417 1177 460 1260; x_wconf 91' lang='lat' dir='ltr'><strong>in</strong></span> <span class='ocrx_word' id='word_1_55' title='bbox 493 1179 622 1280; x_wconf 84' lang='lat' dir='ltr'><strong>phiala</strong></span> <span class='ocrx_word' id='word_1_56' title='bbox 644 1177 796 1260; x_wconf 88' lang='lat' dir='ltr'><strong>calcino</strong></span> <span class='ocrx_word' id='word_1_57' title='bbox 822 1205 944 1283; x_wconf 83' lang='lat' dir='ltr'><strong>prlorl</strong></span> <span class='ocrx_word' id='word_1_58' title='bbox 969 1180 1097 1264; x_wconf 87' lang='lat' dir='ltr'><strong>modo.</strong></span> 
     </span>
    </p>
   </div>
   <div class='ocr_carea' id='block_1_4' title="bbox 255 1261 1489 1384">
    <p class='ocr_par' dir='ltr' id='par_1_5' title="bbox 255 1261 1489 1384">
     <span class='ocr_line' id='line_1_8' title="bbox 255 1261 1489 1384; baseline -0.003 -20"><span class='ocrx_word' id='word_1_59' title='bbox 255 1261 324 1364; x_wconf 74' lang='lat' dir='ltr'><strong>hl.</strong></span> <span class='ocrx_word' id='word_1_60' title='bbox 350 1283 399 1362; x_wconf 89' lang='lat' dir='ltr'><strong>In</strong></span> <span class='ocrx_word' id='word_1_61' title='bbox 422 1279 511 1360; x_wconf 83' lang='lat' dir='ltr'><strong>vase</strong></span> <span class='ocrx_word' id='word_1_62' title='bbox 536 1294 670 1362; x_wconf 86' lang='lat' dir='ltr'><strong>terreo</strong></span> <span class='ocrx_word' id='word_1_63' title='bbox 706 1279 810 1364; x_wconf 87' lang='lat' dir='ltr'><strong>bona</strong></span> <span class='ocrx_word' id='word_1_64' title='bbox 836 1281 947 1384; x_wconf 74' lang='lat' dir='ltr'><strong>copia</strong></span> <span class='ocrx_word' id='word_1_65' title='bbox 978 1285 1111 1368; x_wconf 87' lang='lat' dir='ltr'><strong>urinae</strong></span> <span class='ocrx_word' id='word_1_66' title='bbox 1147 1280 1358 1381; x_wconf 85' lang='lat' dir='ltr'>exponitur</span> <span class='ocrx_word' id='word_1_67' title='bbox 1385 1281 1489 1381; x_wconf 72' lang='lat' dir='ltr'><strong>aeri,</strong></span> 
     </span>
    </p>
   </div>
   <div class='ocr_carea' id='block_1_5' title="bbox 10 1377 1486 1505">
    <p class='ocr_par' dir='ltr' id='par_1_6' title="bbox 10 1377 1486 1505">
     <span class='ocr_line' id='line_1_9' title="bbox 10 1377 1486 1505; baseline -0.003 -35"><span class='ocrx_word' id='word_1_68' title='bbox 10 1407 12 1430; x_wconf 82' lang='lat'><strong>¹</strong></span> <span class='ocrx_word' id='word_1_69' title='bbox 151 1407 202 1498; x_wconf 69' lang='lat'><strong>33</strong></span> <span class='ocrx_word' id='word_1_70' title='bbox 230 1381 416 1486; x_wconf 80' lang='lat' dir='ltr'>gradibus</span> <span class='ocrx_word' id='word_1_71' title='bbox 440 1383 611 1484; x_wconf 87' lang='lat' dir='ltr'><strong>calenti,</strong></span> <span class='ocrx_word' id='word_1_72' title='bbox 637 1377 767 1461; x_wconf 90' lang='lat' dir='ltr'><strong>donec</strong></span> <span class='ocrx_word' id='word_1_73' title='bbox 801 1382 998 1466; x_wconf 71' lang='lat' dir='ltr'><strong>contratla</strong></span> <span class='ocrx_word' id='word_1_74' title='bbox 1029 1383 1238 1505; x_wconf 77' lang='lat' dir='ltr'><strong>nigredine</strong></span> <span class='ocrx_word' id='word_1_75' title='bbox 1263 1384 1486 1488; x_wconf 86' lang='lat' dir='ltr'><strong>putrescat·</strong></span> 
     </span>
    </p>
   </div>
   <div class='ocr_carea' id='block_1_6' title="bbox 146 1441 1490 1694">
    <p class='ocr_par' dir='ltr' id='par_1_7' title="bbox 146 1441 1490 1694">
     <span class='ocr_line' id='line_1_10' title="bbox 149 1441 1490 1592; baseline 0 -27"><span class='ocrx_word' id='word_1_76' title='bbox 149 1484 247 1566; x_wconf 80' lang='lat' dir='ltr'><strong>tude</strong></span> <span class='ocrx_word' id='word_1_77' title='bbox 274 1487 343 1568; x_wconf 85' lang='lat' dir='ltr'><strong>fiat</strong></span> <span class='ocrx_word' id='word_1_78' title='bbox 368 1483 551 1567; x_wconf 85' lang='lat' dir='ltr'><strong>ebullitio</strong></span> <span class='ocrx_word' id='word_1_79' title='bbox 576 1484 750 1565; x_wconf 75' lang='lat' dir='ltr'><strong>materiae</strong></span> <span class='ocrx_word' id='word_1_80' title='bbox 775 1485 891 1587; x_wconf 82' lang='lat' dir='ltr'><strong>hujus</strong></span> <span class='ocrx_word' id='word_1_81' title='bbox 915 1487 958 1590; x_wconf 80' lang='lat' dir='ltr'><strong>in</strong></span> <span class='ocrx_word' id='word_1_82' title='bbox 984 1485 1149 1590; x_wconf 78' lang='lat' dir='ltr'><strong>largiori</strong></span> <span class='ocrx_word' id='word_1_83' title='bbox 1172 1487 1265 1570; x_wconf 90' lang='lat' dir='ltr'><strong>vase</strong></span> <span class='ocrx_word' id='word_1_84' title='bbox 1286 1507 1411 1592; x_wconf 84' lang='lat' dir='ltr'><strong>usque</strong></span> <span class='ocrx_word' id='word_1_85' title='bbox 1439 1441 1490 1565; x_wconf 72' lang='lat' dir='ltr'><strong>ad</strong></span> 
     </span>
     <span class='ocr_line' id='line_1_11' title="bbox 146 1587 1489 1694; baseline -0.001 -23"><span class='ocrx_word' id='word_1_86' title='bbox 146 1587 438 1672; x_wconf 70' lang='lat' dir='ltr'><strong>consistentiam</strong></span> <span class='ocrx_word' id='word_1_87' title='bbox 463 1588 617 1690; x_wconf 83' lang='lat' dir='ltr'><strong>mellir3</strong></span> <span class='ocrx_word' id='word_1_88' title='bbox 657 1597 743 1666; x_wconf 85' lang='lat' dir='ltr'><strong>tum</strong></span> <span class='ocrx_word' id='word_1_89' title='bbox 768 1611 867 1668; x_wconf 92' lang='lat' dir='ltr'><strong>vero</strong></span> <span class='ocrx_word' id='word_1_90' title='bbox 891 1587 1077 1694; x_wconf 86' lang='lat' dir='ltr'><strong>putrefiat</strong></span> <span class='ocrx_word' id='word_1_91' title='bbox 1109 1612 1183 1694; x_wconf 91' lang='lat' dir='ltr'><strong>per</strong></span> <span class='ocrx_word' id='word_1_92' title='bbox 1207 1589 1355 1692; x_wconf 84' lang='lat' dir='ltr'><strong>aliquot</strong></span> <span class='ocrx_word' id='word_1_93' title='bbox 1380 1611 1489 1670; x_wconf 82' lang='lat' dir='ltr'><strong>men·</strong></span> 
     </span>
    </p>
   </div>
   <div class='ocr_carea' id='block_1_7' title="bbox 9 1683 1490 1794">
    <p class='ocr_par' dir='ltr' id='par_1_8' title="bbox 9 1683 1490 1794">
     <span class='ocr_line' id='line_1_12' title="bbox 9 1683 1490 1794; baseline -0.001 -22"><span class='ocrx_word' id='word_1_94' title='bbox 9 1757 11 1772; x_wconf 22' lang='grc' dir='ltr'><strong><em>ὲ</em></strong></span> <span class='ocrx_word' id='word_1_95' title='bbox 150 1690 211 1772; x_wconf 85' lang='lat' dir='ltr'><strong>ses</strong></span> <span class='ocrx_word' id='word_1_96' title='bbox 237 1691 279 1772; x_wconf 90' lang='lat' dir='ltr'><strong>in</strong></span> <span class='ocrx_word' id='word_1_97' title='bbox 308 1699 400 1772; x_wconf 74' lang='lat' dir='ltr'><strong>atre</strong></span> <span class='ocrx_word' id='word_1_98' title='bbox 425 1687 555 1770; x_wconf 86' lang='lat' dir='ltr'><strong>calido</strong></span> <span class='ocrx_word' id='word_1_99' title='bbox 579 1703 695 1794; x_wconf 86' lang='lat' dir='ltr'><strong>atque</strong></span> <span class='ocrx_word' id='word_1_100' title='bbox 720 1683 763 1763; x_wconf 90' lang='lat' dir='ltr'><strong>in</strong></span> <span class='ocrx_word' id='word_1_101' title='bbox 786 1692 877 1770; x_wconf 84' lang='lat' dir='ltr'><strong>vase</strong></span> <span class='ocrx_word' id='word_1_102' title='bbox 898 1691 1040 1770; x_wconf 86' lang='lat' dir='ltr'><strong>vitreo.</strong></span> <span class='ocrx_word' id='word_1_103' title='bbox 1088 1692 1280 1794; x_wconf 88' lang='lat' dir='ltr'><strong>Denique</strong></span> <span class='ocrx_word' id='word_1_104' title='bbox 1295 1703 1490 1774; x_wconf 53' lang='lat' dir='ltr'><strong>erretur*</strong></span> 
     </span>
    </p>
   </div>
   <div class='ocr_carea' id='block_1_8' title="bbox 147 1781 1487 1908">
    <p class='ocr_par' dir='ltr' id='par_1_9' title="bbox 147 1781 1487 1908">
     <span class='ocr_line' id='line_1_13' title="bbox 147 1781 1487 1908; baseline 0.007 -38"><span class='ocrx_word' id='word_1_105' title='bbox 147 1803 186 1870; x_wconf 89' lang='lat' dir='ltr'><strong>ta</strong></span> <span class='ocrx_word' id='word_1_106' title='bbox 213 1795 364 1894; x_wconf 79' lang='lat' dir='ltr'><strong>semea,</strong></span> <span class='ocrx_word' id='word_1_107' title='bbox 389 1789 503 1872; x_wconf 71' lang='lat' dir='ltr'><strong>auito</strong></span> <span class='ocrx_word' id='word_1_108' title='bbox 530 1812 601 1890; x_wconf 89' lang='lat' dir='ltr'><strong>per</strong></span> <span class='ocrx_word' id='word_1_109' title='bbox 623 1781 766 1892; x_wconf 86' lang='lat' dir='ltr'><strong>gradus</strong></span> <span class='ocrx_word' id='word_1_110' title='bbox 790 1791 1120 1908; x_wconf 48' lang='lat' dir='ltr'><strong>lgnaurgeatur,</strong></span> <span class='ocrx_word' id='word_1_111' title='bbox 1144 1818 1269 1898; x_wconf 90' lang='lat' dir='ltr'><strong>usque</strong></span> <span class='ocrx_word' id='word_1_112' title='bbox 1298 1790 1393 1875; x_wconf 88' lang='lat' dir='ltr'><strong>dum</strong></span> <span class='ocrx_word' id='word_1_113' title='bbox 1410 1801 1487 1879; x_wconf 73' lang='lat' dir='ltr'><strong>&#39;vet</strong></span> 
     </span>
    </p>
   </div>
   <div class='ocr_carea' id='block_1_9' title="bbox 8 1886 1490 1998">
    <p class='ocr_par' dir='ltr' id='par_1_10' title="bbox 8 1886 1490 1998">
     <span class='ocr_line' id='line_1_14' title="bbox 8 1886 1490 1998; baseline 0.003 -31"><span class='ocrx_word' id='word_1_114' title='bbox 8 1925 10 1956; x_wconf 72' lang='grc' dir='ltr'>ι</span> <span class='ocrx_word' id='word_1_115' title='bbox 146 1891 321 1974; x_wconf 83' lang='lat' dir='ltr'><strong>ferreum</strong></span> <span class='ocrx_word' id='word_1_116' title='bbox 337 1891 573 1996; x_wconf 77' lang='lat' dir='ltr'><strong>candescat,</strong></span> <span class='ocrx_word' id='word_1_117' title='bbox 598 1886 781 1972; x_wconf 85' lang='lat' dir='ltr'><strong>ascendet</strong></span> <span class='ocrx_word' id='word_1_118' title='bbox 811 1893 865 1971; x_wconf 82' lang='lat' dir='ltr'><strong>lal</strong></span> <span class='ocrx_word' id='word_1_119' title='bbox 890 1893 1023 1996; x_wconf 84' lang='lat' dir='ltr'><strong>albus,</strong></span> <span class='ocrx_word' id='word_1_120' title='bbox 1049 1895 1179 1978; x_wconf 87' lang='lat' dir='ltr'><strong>oleum</strong></span> <span class='ocrx_word' id='word_1_121' title='bbox 1206 1901 1359 1978; x_wconf 83' lang='lat' dir='ltr'><strong>flavum.</strong></span> <span class='ocrx_word' id='word_1_122' title='bbox 1408 1895 1490 1998; x_wconf 63' lang='lat' dir='ltr'><strong>Re</strong></span> 
     </span>
    </p>
   </div>
   <div class='ocr_carea' id='block_1_10' title="bbox 144 1989 1487 2302">
    <p class='ocr_par' dir='ltr' id='par_1_11' title="bbox 144 1989 1487 2302">
     <span class='ocr_line' id='line_1_15' title="bbox 145 1989 1487 2101; baseline 0.003 -28"><span class='ocrx_word' id='word_1_123' title='bbox 145 1995 337 2096; x_wconf 88' lang='lat' dir='ltr'><strong>srigerato</strong></span> <span class='ocrx_word' id='word_1_124' title='bbox 356 1995 471 2096; x_wconf 87' lang='lat' dir='ltr'><strong>vase,</strong></span> <span class='ocrx_word' id='word_1_125' title='bbox 497 1995 590 2076; x_wconf 92' lang='lat' dir='ltr'><strong>dum</strong></span> <span class='ocrx_word' id='word_1_126' title='bbox 608 1994 718 2074; x_wconf 86' lang='lat' dir='ltr'><strong>calor</strong></span> <span class='ocrx_word' id='word_1_127' title='bbox 738 1989 868 2076; x_wconf 87' lang='lat' dir='ltr'><strong>adhuc</strong></span> <span class='ocrx_word' id='word_1_128' title='bbox 890 2017 1050 2096; x_wconf 88' lang='lat' dir='ltr'><strong>magnus</strong></span> <span class='ocrx_word' id='word_1_129' title='bbox 1069 1995 1113 2077; x_wconf 92' lang='lat' dir='ltr'><strong>in</strong></span> <span class='ocrx_word' id='word_1_130' title='bbox 1131 1995 1292 2080; x_wconf 83' lang='lat' dir='ltr'><strong>materia</strong></span> <span class='ocrx_word' id='word_1_131' title='bbox 1309 1995 1403 2101; x_wconf 77' lang='lat' dir='ltr'><strong>fixa,</strong></span> <span class='ocrx_word' id='word_1_132' title='bbox 1421 2021 1487 2076; x_wconf 87' lang='lat' dir='ltr'><strong>ex-</strong></span> 
     </span>
     <span class='ocr_line' id='line_1_16' title="bbox 147 2093 1487 2203; baseline -0.002 -25"><span class='ocrx_word' id='word_1_133' title='bbox 147 2099 323 2198; x_wconf 89' lang='lat' dir='ltr'><strong>cipulum</strong></span> <span class='ocrx_word' id='word_1_134' title='bbox 354 2095 552 2198; x_wconf 79' lang='lat' dir='ltr'><strong>aufertur,</strong></span> <span class='ocrx_word' id='word_1_135' title='bbox 578 2097 616 2180; x_wconf 87' lang='lat'>&amp;</span> <span class='ocrx_word' id='word_1_136' title='bbox 642 2093 769 2174; x_wconf 81' lang='lat' dir='ltr'><strong>omnis</strong></span> <span class='ocrx_word' id='word_1_137' title='bbox 802 2094 953 2203; x_wconf 78' lang='lat' dir='ltr'><strong>elevata</strong></span> <span class='ocrx_word' id='word_1_138' title='bbox 984 2121 1072 2198; x_wconf 87' lang='lat' dir='ltr'><strong>pars</strong></span> <span class='ocrx_word' id='word_1_139' title='bbox 1106 2093 1336 2180; x_wconf 84' lang='lat' dir='ltr'><strong>reconditur</strong></span> <span class='ocrx_word' id='word_1_140' title='bbox 1360 2097 1487 2178; x_wconf 81' lang='lat' dir='ltr'><strong>invi·</strong></span> 
     </span>
     <span class='ocr_line' id='line_1_17' title="bbox 144 2193 1486 2302; baseline -0.001 -24"><span class='ocrx_word' id='word_1_141' title='bbox 144 2199 218 2282; x_wconf 86' lang='lat' dir='ltr'><strong>tris</strong></span> <span class='ocrx_word' id='word_1_142' title='bbox 249 2200 354 2280; x_wconf 88' lang='lat' dir='ltr'><strong>bene</strong></span> <span class='ocrx_word' id='word_1_143' title='bbox 380 2197 553 2302; x_wconf 82' lang='lat' dir='ltr'><strong>clausrs3</strong></span> <span class='ocrx_word' id='word_1_144' title='bbox 605 2196 726 2302; x_wconf 88' lang='lat' dir='ltr'><strong>Quod</strong></span> <span class='ocrx_word' id='word_1_145' title='bbox 761 2211 888 2280; x_wconf 85' lang='lat' dir='ltr'><strong>autem</strong></span> <span class='ocrx_word' id='word_1_146' title='bbox 929 2193 972 2277; x_wconf 91' lang='lat' dir='ltr'><strong>in</strong></span> <span class='ocrx_word' id='word_1_147' title='bbox 997 2195 1124 2281; x_wconf 89' lang='lat' dir='ltr'><strong>sundo</strong></span> <span class='ocrx_word' id='word_1_148' title='bbox 1148 2199 1246 2281; x_wconf 87' lang='lat' dir='ltr'><strong>vafis</strong></span> <span class='ocrx_word' id='word_1_149' title='bbox 1272 2197 1486 2299; x_wconf 83' lang='lat' dir='ltr'><strong>remanfit‚</strong></span> 
     </span>
    </p>
   </div>
   <div class='ocr_carea' id='block_1_11' title="bbox 7 2295 1485 2418">
    <p class='ocr_par' dir='ltr' id='par_1_12' title="bbox 7 2295 1485 2418">
     <span class='ocr_line' id='line_1_18' title="bbox 7 2295 1485 2418; baseline 0.001 -39"><span class='ocrx_word' id='word_1_150' title='bbox 7 2323 8 2352; x_wconf 69' lang='lat'>³</span> <span class='ocrx_word' id='word_1_151' title='bbox 146 2299 176 2379; x_wconf 89' lang='lat' dir='ltr'><strong>li</strong></span> <span class='ocrx_word' id='word_1_152' title='bbox 195 2301 382 2382; x_wconf 83' lang='lat' dir='ltr'><strong>miscetur</strong></span> <span class='ocrx_word' id='word_1_153' title='bbox 399 2321 487 2380; x_wconf 88' lang='lat' dir='ltr'><strong>cum</strong></span> <span class='ocrx_word' id='word_1_154' title='bbox 504 2297 684 2380; x_wconf 87' lang='lat' dir='ltr'><strong>carbonis</strong></span> <span class='ocrx_word' id='word_1_155' title='bbox 700 2296 825 2396; x_wconf 88' lang='lat' dir='ltr'><strong>lignei</strong></span> <span class='ocrx_word' id='word_1_156' title='bbox 843 2295 987 2416; x_wconf 81' lang='lat' dir='ltr'><strong>duplo,</strong></span> <span class='ocrx_word' id='word_1_157' title='bbox 1011 2303 1077 2382; x_wconf 85' lang='lat' dir='ltr'><strong>vel</strong></span> <span class='ocrx_word' id='word_1_158' title='bbox 1095 2301 1238 2418; x_wconf 75' lang='lat' dir='ltr'><strong>triplo,</strong></span> <span class='ocrx_word' id='word_1_159' title='bbox 1263 2319 1426 2404; x_wconf 84' lang='lat' dir='ltr'><strong>tumque</strong></span> <span class='ocrx_word' id='word_1_160' title='bbox 1436 2323 1485 2392; x_wconf 87' lang='lat' dir='ltr'><strong>ex</strong></span> 
     </span>
    </p>
   </div>
   <div class='ocr_carea' id='block_1_12' title="bbox 142 2399 1486 2508">
    <p class='ocr_par' dir='ltr' id='par_1_13' title="bbox 142 2399 1486 2508">
     <span class='ocr_line' id='line_1_19' title="bbox 142 2399 1486 2508; baseline 0.001 -26"><span class='ocrx_word' id='word_1_161' title='bbox 142 2403 303 2484; x_wconf 87' lang='lat' dir='ltr'><strong>retortis</strong></span> <span class='ocrx_word' id='word_1_162' title='bbox 319 2401 473 2502; x_wconf 86' lang='lat' dir='ltr'><strong>parvis,</strong></span> <span class='ocrx_word' id='word_1_163' title='bbox 498 2399 704 2504; x_wconf 86' lang='lat' dir='ltr'><strong>figulinis,</strong></span> <span class='ocrx_word' id='word_1_164' title='bbox 727 2399 899 2482; x_wconf 78' lang='lat' dir='ltr'><strong>loricatis</strong></span> <span class='ocrx_word' id='word_1_165' title='bbox 928 2417 1095 2504; x_wconf 90' lang='lat' dir='ltr'><strong>urgetur</strong></span> <span class='ocrx_word' id='word_1_166' title='bbox 1118 2428 1210 2508; x_wconf 76' lang='lat' dir='ltr'><strong>igne</strong></span> <span class='ocrx_word' id='word_1_167' title='bbox 1240 2405 1389 2486; x_wconf 91' lang='lat' dir='ltr'><strong>summo</strong></span> <span class='ocrx_word' id='word_1_168' title='bbox 1413 2425 1486 2504; x_wconf 89' lang='lat' dir='ltr'><strong>per</strong></span> 
     </span>
    </p>
   </div>
   <div class='ocr_carea' id='block_1_13' title="bbox 6 2497 1487 2712">
    <p class='ocr_par' dir='ltr' id='par_1_14' title="bbox 6 2497 1487 2712">
     <span class='ocr_line' id='line_1_20' title="bbox 6 2497 1487 2609; baseline -0.002 -21"><span class='ocrx_word' id='word_1_169' title='bbox 6 2521 8 2600; x_wconf 61' lang='grc' dir='ltr'>ζ</span> <span class='ocrx_word' id='word_1_170' title='bbox 145 2507 196 2588; x_wconf 85' lang='lat'><strong>16</strong></span> <span class='ocrx_word' id='word_1_171' title='bbox 210 2507 345 2604; x_wconf 84' lang='lat' dir='ltr'><strong>horas,</strong></span> <span class='ocrx_word' id='word_1_172' title='bbox 370 2500 523 2584; x_wconf 88' lang='lat' dir='ltr'><strong>utfinis</strong></span> <span class='ocrx_word' id='word_1_173' title='bbox 545 2503 663 2584; x_wconf 86' lang='lat' dir='ltr'><strong>rostri</strong></span> <span class='ocrx_word' id='word_1_174' title='bbox 688 2497 760 2586; x_wconf 91' lang='lat' dir='ltr'><strong>sub</strong></span> <span class='ocrx_word' id='word_1_175' title='bbox 785 2527 883 2606; x_wconf 87' lang='lat' dir='ltr'><strong>aqua</strong></span> <span class='ocrx_word' id='word_1_176' title='bbox 907 2499 1131 2609; x_wconf 82' lang='lat' dir='ltr'><strong>decumbat,</strong></span> <span class='ocrx_word' id='word_1_177' title='bbox 1155 2503 1311 2588; x_wconf 88' lang='lat' dir='ltr'><strong>tandem</strong></span> <span class='ocrx_word' id='word_1_178' title='bbox 1329 2506 1487 2606; x_wconf 88' lang='lat' dir='ltr'><strong>corpus·</strong></span> 
     </span>
     <span class='ocr_line' id='line_1_21' title="bbox 6 2605 1486 2712; baseline -0.001 -26"><span class='ocrx_word' id='word_1_179' title='bbox 6 2625 8 2662; x_wconf 76' lang='lat'><em>³</em></span> <span class='ocrx_word' id='word_1_180' title='bbox 143 2606 235 2686; x_wconf 89' lang='lat' dir='ltr'><strong>cula</strong></span> <span class='ocrx_word' id='word_1_181' title='bbox 274 2607 319 2689; x_wconf 87' lang='lat' dir='ltr'><strong>in</strong></span> <span class='ocrx_word' id='word_1_182' title='bbox 346 2629 480 2708; x_wconf 86' lang='lat' dir='ltr'><strong>aquam</strong></span> <span class='ocrx_word' id='word_1_183' title='bbox 508 2605 731 2710; x_wconf 87' lang='lat' dir='ltr'><strong>decidunt,</strong></span> <span class='ocrx_word' id='word_1_184' title='bbox 765 2625 857 2707; x_wconf 77' lang='lat' dir='ltr'><strong>quae</strong></span> <span class='ocrx_word' id='word_1_185' title='bbox 883 2605 1127 2708; x_wconf 87' lang='lat' dir='ltr'><strong>Phosphorus</strong></span> <span class='ocrx_word' id='word_1_186' title='bbox 1151 2614 1272 2712; x_wconf 77' lang='lat' dir='ltr'><strong>Krasctt</strong></span> <span class='ocrx_word' id='word_1_187' title='bbox 1288 2606 1486 2690; x_wconf 88' lang='lat' dir='ltr'><strong>dicuntur.</strong></span> 
     </span>
    </p>
   </div>
   <div class='ocr_carea' id='block_1_14' title="bbox 6 2707 1497 3012">
    <p class='ocr_par' dir='ltr' id='par_1_15' title="bbox 6 2707 1497 3012">
     <span class='ocr_line' id='line_1_22' title="bbox 6 2707 1497 2814; baseline -0.001 -24"><span class='ocrx_word' id='word_1_188' title='bbox 6 2713 7 2716; x_wconf 57' lang='lat'>‘</span> <span class='ocrx_word' id='word_1_189' title='bbox 142 2717 311 2789; x_wconf 73' lang='lat' dir='ltr'><strong>Barbarae</strong></span> <span class='ocrx_word' id='word_1_190' title='bbox 327 2707 599 2814; x_wconf 73' lang='lat' dir='ltr'><strong>Elemehym.</strong></span> <span class='ocrx_word' id='word_1_191' title='bbox 650 2707 1071 2812; x_wconf 84' lang='lat' dir='ltr'><strong>Optimusejuscemodi</strong></span> <span class='ocrx_word' id='word_1_192' title='bbox 1089 2712 1196 2793; x_wconf 88' lang='lat' dir='ltr'><strong>Phos</strong></span> <span class='ocrx_word' id='word_1_193' title='bbox 1217 2711 1336 2792; x_wconf 81' lang='lat' dir='ltr'><strong>horus</strong></span> <span class='ocrx_word' id='word_1_194' title='bbox 1348 2710 1390 2790; x_wconf 93' lang='lat' dir='ltr'><strong>in</strong></span> <span class='ocrx_word' id='word_1_195' title='bbox 1400 2715 1497 2810; x_wconf 51' lang='lat' dir='ltr'><strong>Ant</strong></span> 
     </span>
     <span class='ocr_line' id='line_1_23' title="bbox 6 2737 1485 2990; baseline 0.003 -103"><span class='ocrx_word' id='word_1_196' title='bbox 6 2899 7 2902; x_wconf 7' lang='lat' dir='ltr'><strong>p</strong></span> <span class='ocrx_word' id='word_1_197' title='bbox 144 2808 224 2911; x_wconf 88' lang='lat' dir='ltr'><strong>glia</strong></span> <span class='ocrx_word' id='word_1_198' title='bbox 239 2807 476 2926; x_wconf 73' lang='lat' dir='ltr'><strong>conficitur,</strong></span> <span class='ocrx_word' id='word_1_199' title='bbox 494 2831 753 2990; x_wconf 49' lang='lat' dir='ltr'><strong>,pueecunque</strong></span> <span class='ocrx_word' id='word_1_200' title='bbox 775 2807 1002 2910; x_wconf 83' lang='lat' dir='ltr'><strong>Phosphoro</strong></span> <span class='ocrx_word' id='word_1_201' title='bbox 1014 2810 1112 2928; x_wconf 75' lang='lat' dir='ltr'><strong>illo,</strong></span> <span class='ocrx_word' id='word_1_202' title='bbox 1132 2737 1403 2926; x_wconf 59' lang='lat' dir='ltr'><strong>obgucunmr,</strong></span> <span class='ocrx_word' id='word_1_203' title='bbox 1422 2820 1485 2891; x_wconf 84' lang='lat' dir='ltr'><strong>aut</strong></span> 
     </span>
     <span class='ocr_line' id='line_1_24' title="bbox 144 2905 1486 3012; baseline -0.004 -19"><span class='ocrx_word' id='word_1_204' title='bbox 144 2909 435 2994; x_wconf 70' lang='lat' dir='ltr'><strong>characteribus</strong></span> <span class='ocrx_word' id='word_1_205' title='bbox 448 2935 491 2992; x_wconf 87' lang='lat' dir='ltr'><strong>m</strong></span> <span class='ocrx_word' id='word_1_206' title='bbox 510 2911 737 3008; x_wconf 85' lang='lat' dir='ltr'><strong>cnbuntur,</strong></span> <span class='ocrx_word' id='word_1_207' title='bbox 763 2905 911 2990; x_wconf 88' lang='lat' dir='ltr'><strong>sublato</strong></span> <span class='ocrx_word' id='word_1_208' title='bbox 925 2908 1081 2992; x_wconf 89' lang='lat' dir='ltr'><strong>lumme</strong></span> <span class='ocrx_word' id='word_1_209' title='bbox 1096 2928 1162 2993; x_wconf 90' lang='lat' dir='ltr'><strong>aut</strong></span> <span class='ocrx_word' id='word_1_210' title='bbox 1182 2912 1313 3012; x_wconf 77' lang='lat' dir='ltr'><strong>solari,</strong></span> <span class='ocrx_word' id='word_1_211' title='bbox 1332 2923 1396 2990; x_wconf 89' lang='lat' dir='ltr'><strong>aut</strong></span> <span class='ocrx_word' id='word_1_212' title='bbox 1413 2933 1486 2988; x_wconf 90' lang='lat' dir='ltr'><strong>no-</strong></span> 
     </span>
    </p>
   </div>
   <div class='ocr_carea' id='block_1_15' title="bbox 6 3009 1485 3115">
    <p class='ocr_par' dir='ltr' id='par_1_16' title="bbox 6 3009 1485 3115">
     <span class='ocr_line' id='line_1_25' title="bbox 6 3009 1485 3115; baseline 0 -23"><span class='ocrx_word' id='word_1_213' title='bbox 6 3101 7 3108; x_wconf 13' lang='lat'><strong>,</strong></span> <span class='ocrx_word' id='word_1_214' title='bbox 143 3013 302 3115; x_wconf 80' lang='lat' dir='ltr'><strong>tlurno,</strong></span> <span class='ocrx_word' id='word_1_215' title='bbox 316 3009 505 3096; x_wconf 82' lang='lat' dir='ltr'><strong>videntur</strong></span> <span class='ocrx_word' id='word_1_216' title='bbox 520 3011 653 3092; x_wconf 84' lang='lat' dir='ltr'><strong>literas</strong></span> <span class='ocrx_word' id='word_1_217' title='bbox 669 3010 754 3091; x_wconf 85' lang='lat' dir='ltr'><strong>illas</strong></span> <span class='ocrx_word' id='word_1_218' title='bbox 770 3009 953 3090; x_wconf 85' lang='lat' dir='ltr'><strong>ardentes</strong></span> <span class='ocrx_word' id='word_1_219' title='bbox 973 3012 1136 3094; x_wconf 85' lang='lat' dir='ltr'><strong>referre.</strong></span> <span class='ocrx_word' id='word_1_220' title='bbox 1187 3011 1286 3094; x_wconf 91' lang='lat' dir='ltr'><strong>Vidi</strong></span> <span class='ocrx_word' id='word_1_221' title='bbox 1301 3013 1393 3094; x_wconf 86' lang='lat' dir='ltr'><strong>sane</strong></span> <span class='ocrx_word' id='word_1_222' title='bbox 1411 3036 1485 3092; x_wconf 89' lang='lat' dir='ltr'><strong>nu·</strong></span> 
     </span>
    </p>
   </div>
   <div class='ocr_carea' id='block_1_16' title="bbox 7 3621 742 3728">
    <p class='ocr_par' dir='ltr' id='par_1_17' title="bbox 7 3621 742 3728">
     <span class='ocr_line' id='line_1_26' title="bbox 7 3621 742 3728; baseline -0.008 -24"><span class='ocrx_word' id='word_1_223' title='bbox 7 3715 8 3718; x_wconf 4' lang='lat' dir='ltr'>w</span> <span class='ocrx_word' id='word_1_224' title='bbox 140 3641 314 3726; x_wconf 77' lang='lat' dir='ltr'><strong>rcrtnctus,</strong></span> <span class='ocrx_word' id='word_1_225' title='bbox 330 3633 495 3706; x_wconf 81' lang='lat' dir='ltr'><strong>&#39;terrore</strong></span> <span class='ocrx_word' id='word_1_226' title='bbox 528 3621 742 3728; x_wconf 85' lang='lat' dir='ltr'><strong>perculsus,</strong></span> 
     </span>
    </p>
   </div>
   <div class='ocr_carea' id='block_1_17' title="bbox 83 3109 1488 4444">
    <p class='ocr_par' dir='ltr' id='par_1_18' title="bbox 83 3109 1488 4444">
     <span class='ocr_line' id='line_1_27' title="bbox 141 3109 1485 3218; baseline -0.002 -25"><span class='ocrx_word' id='word_1_227' title='bbox 141 3136 239 3218; x_wconf 85' lang='lat' dir='ltr'><strong>per,</strong></span> <span class='ocrx_word' id='word_1_228' title='bbox 265 3139 354 3197; x_wconf 87' lang='lat' dir='ltr'><strong>cum</strong></span> <span class='ocrx_word' id='word_1_229' title='bbox 384 3111 448 3192; x_wconf 88' lang='lat' dir='ltr'><strong>vir</strong></span> <span class='ocrx_word' id='word_1_230' title='bbox 466 3115 603 3196; x_wconf 80' lang='lat' dir='ltr'><strong>claris.</strong></span> <span class='ocrx_word' id='word_1_231' title='bbox 630 3118 750 3192; x_wconf 78' lang='lat' dir='ltr'><strong>Scrlnct</strong></span> <span class='ocrx_word' id='word_1_232' title='bbox 777 3109 980 3196; x_wconf 87' lang='lat' dir='ltr'><strong>candelam</strong></span> <span class='ocrx_word' id='word_1_233' title='bbox 1004 3141 1095 3197; x_wconf 87' lang='lat' dir='ltr'><strong>mox</strong></span> <span class='ocrx_word' id='word_1_234' title='bbox 1116 3114 1324 3206; x_wconf 68' lang='lat' dir='ltr'><strong>extinctam</strong></span> <span class='ocrx_word' id='word_1_235' title='bbox 1350 3113 1485 3210; x_wconf 83' lang='lat' dir='ltr'><strong>admo·</strong></span> 
     </span>
     <span class='ocr_line' id='line_1_28' title="bbox 141 3213 1484 3322; baseline -0.001 -28"><span class='ocrx_word' id='word_1_236' title='bbox 141 3215 253 3298; x_wconf 91' lang='lat' dir='ltr'><strong>tione</strong></span> <span class='ocrx_word' id='word_1_237' title='bbox 271 3213 486 3316; x_wconf 87' lang='lat' dir='ltr'><strong>Phosphori</strong></span> <span class='ocrx_word' id='word_1_238' title='bbox 505 3215 769 3301; x_wconf 88' lang='lat' dir='ltr'><strong>reaccendere</strong></span> <span class='ocrx_word' id='word_1_239' title='bbox 778 3233 946 3320; x_wconf 87' lang='lat' dir='ltr'><strong>pararet,</strong></span> <span class='ocrx_word' id='word_1_240' title='bbox 962 3219 1001 3300; x_wconf 80' lang='lat' dir='ltr'><strong>dr</strong></span> <span class='ocrx_word' id='word_1_241' title='bbox 1019 3217 1271 3302; x_wconf 85' lang='lat' dir='ltr'><strong>candelam&amp;</strong></span> <span class='ocrx_word' id='word_1_242' title='bbox 1288 3215 1484 3322; x_wconf 85' lang='lat' dir='ltr'><strong>Phospho-</strong></span> 
     </span>
     <span class='ocr_line' id='line_1_29' title="bbox 83 3316 1488 3424; baseline -0.004 -25"><span class='ocrx_word' id='word_1_243' title='bbox 83 3331 90 3348; x_wconf 85' lang='lat'><strong>‘</strong></span> <span class='ocrx_word' id='word_1_244' title='bbox 140 3338 234 3421; x_wconf 76' lang='lat' dir='ltr'><strong>rum</strong></span> <span class='ocrx_word' id='word_1_245' title='bbox 250 3317 495 3422; x_wconf 86' lang='lat' dir='ltr'><strong>repentinam</strong></span> <span class='ocrx_word' id='word_1_246' title='bbox 510 3316 728 3422; x_wconf 75' lang='lat' dir='ltr'><strong>concepisse</strong></span> <span class='ocrx_word' id='word_1_247' title='bbox 746 3320 961 3424; x_wconf 88' lang='lat' dir='ltr'><strong>flammam,</strong></span> <span class='ocrx_word' id='word_1_248' title='bbox 987 3317 1087 3402; x_wconf 90' lang='lat' dir='ltr'><strong>adeo</strong></span> <span class='ocrx_word' id='word_1_249' title='bbox 1103 3335 1149 3410; x_wconf 88' lang='lat' dir='ltr'><strong>ut</strong></span> <span class='ocrx_word' id='word_1_250' title='bbox 1164 3319 1279 3404; x_wconf 89' lang='lat' dir='ltr'><strong>ctiam</strong></span> <span class='ocrx_word' id='word_1_251' title='bbox 1304 3319 1488 3415; x_wconf 77' lang='lat' dir='ltr'><strong>linteum,</strong></span> 
     </span>
     <span class='ocr_line' id='line_1_30' title="bbox 140 3419 1485 3528; baseline -0.007 -25"><span class='ocrx_word' id='word_1_252' title='bbox 140 3446 224 3524; x_wconf 90' lang='lat' dir='ltr'><strong>quo</strong></span> <span class='ocrx_word' id='word_1_253' title='bbox 241 3419 346 3502; x_wconf 85' lang='lat' dir='ltr'><strong>Piros</strong></span> <span class='ocrx_word' id='word_1_254' title='bbox 368 3420 489 3502; x_wconf 85' lang='lat' dir='ltr'><strong>horus</strong></span> <span class='ocrx_word' id='word_1_255' title='bbox 509 3421 734 3522; x_wconf 87' lang='lat' dir='ltr'><strong>tenebatur,</strong></span> <span class='ocrx_word' id='word_1_256' title='bbox 759 3419 868 3499; x_wconf 89' lang='lat' dir='ltr'><strong>illico</strong></span> <span class='ocrx_word' id='word_1_257' title='bbox 890 3422 1048 3524; x_wconf 84' lang='lat' dir='ltr'><strong>ignibus</strong></span> <span class='ocrx_word' id='word_1_258' title='bbox 1072 3425 1300 3528; x_wconf 79' lang='lat' dir='ltr'><strong>correptum</strong></span> <span class='ocrx_word' id='word_1_259' title='bbox 1327 3419 1394 3520; x_wconf 89' lang='lat' dir='ltr'><strong>fit,</strong></span> <span class='ocrx_word' id='word_1_260' title='bbox 1419 3443 1485 3518; x_wconf 88' lang='lat' dir='ltr'><strong>pa·</strong></span> 
     </span>
     <span class='ocr_line' id='line_1_31' title="bbox 142 3447 1484 3706; baseline -0.004 -102"><span class='ocrx_word' id='word_1_261' title='bbox 142 3544 310 3626; x_wconf 87' lang='lat' dir='ltr'><strong>rumque</strong></span> <span class='ocrx_word' id='word_1_262' title='bbox 326 3447 506 3624; x_wconf 64' lang='lat' dir='ltr'><strong>abfuerit,</strong></span> <span class='ocrx_word' id='word_1_263' title='bbox 522 3521 617 3629; x_wconf 89' lang='lat' dir='ltr'><strong>quin</strong></span> <span class='ocrx_word' id='word_1_264' title='bbox 634 3519 752 3604; x_wconf 88' lang='lat' dir='ltr'><strong>homo</strong></span> <span class='ocrx_word' id='word_1_265' title='bbox 766 3517 921 3703; x_wconf 51' lang='lat' dir='ltr'><strong>,uidam</strong></span> <span class='ocrx_word' id='word_1_266' title='bbox 945 3527 1140 3706; x_wconf 49' lang='lat' dir='ltr'><strong>prerogent,</strong></span> <span class='ocrx_word' id='word_1_267' title='bbox 1157 3527 1200 3608; x_wconf 94' lang='lat' dir='ltr'><strong>in</strong></span> <span class='ocrx_word' id='word_1_268' title='bbox 1216 3522 1484 3606; x_wconf 80' lang='lat' dir='ltr'><strong>cu‘usvestem</strong></span> 
     </span>
     <span class='ocr_line' id='line_1_32' title="bbox 143 3639 1484 3844; baseline -0.003 -38"><span class='ocrx_word' id='word_1_269' title='bbox 143 3742 275 3826; x_wconf 88' lang='lat' dir='ltr'><strong>retur,</strong></span> <span class='ocrx_word' id='word_1_270' title='bbox 299 3727 387 3841; x_wconf 39' lang='lat' dir='ltr'><strong>nili·</strong></span> <span class='ocrx_word' id='word_1_271' title='bbox 400 3725 555 3826; x_wconf 86' lang='lat' dir='ltr'><strong>subito,</strong></span> <span class='ocrx_word' id='word_1_272' title='bbox 578 3723 756 3840; x_wconf 73' lang='lat' dir='ltr'><strong>violenta</strong></span> <span class='ocrx_word' id='word_1_273' title='bbox 782 3639 1484 3844; x_wconf 46' lang='grc' dir='ltr'><strong>ιιῑῐῖιξιᾞῃνῗᾱὶξῃεειιξξὲἒῐειεῒιῖεεεῗὲἑιεῐι</strong></span> 
     </span>
     <span class='ocr_line' id='line_1_33' title="bbox 141 3823 1481 3937; baseline 0 -29"><span class='ocrx_word' id='word_1_274' title='bbox 141 3827 313 3908; x_wconf 66' lang='lat' dir='ltr'><strong>detracta</strong></span> <span class='ocrx_word' id='word_1_275' title='bbox 332 3823 467 3912; x_wconf 74' lang='lat' dir='ltr'><strong>luisset.</strong></span> <span class='ocrx_word' id='word_1_276' title='bbox 517 3827 723 3922; x_wconf 83' lang='lat' dir='ltr'><strong>Decidens</strong></span> <span class='ocrx_word' id='word_1_277' title='bbox 738 3839 868 3930; x_wconf 77' lang='lat' dir='ltr'><strong>ltaque</strong></span> <span class='ocrx_word' id='word_1_278' title='bbox 885 3827 1046 3912; x_wconf 90' lang='lat' dir='ltr'><strong>lmteum</strong></span> <span class='ocrx_word' id='word_1_279' title='bbox 1065 3855 1154 3912; x_wconf 91' lang='lat' dir='ltr'><strong>cum</strong></span> <span class='ocrx_word' id='word_1_280' title='bbox 1181 3827 1406 3930; x_wconf 89' lang='lat' dir='ltr'><strong>Phosphoro</strong></span> <span class='ocrx_word' id='word_1_281' title='bbox 1422 3847 1481 3937; x_wconf 81' lang='lat' dir='ltr'><strong>ar·</strong></span> 
     </span>
     <span class='ocr_line' id='line_1_34' title="bbox 143 3927 1477 4047; baseline 0 -37"><span class='ocrx_word' id='word_1_282' title='bbox 143 3929 263 4030; x_wconf 79' lang='lat' dir='ltr'><strong>deute</strong></span> <span class='ocrx_word' id='word_1_283' title='bbox 280 3929 322 4010; x_wconf 90' lang='lat' dir='ltr'><strong>in</strong></span> <span class='ocrx_word' id='word_1_284' title='bbox 337 3929 626 4047; x_wconf 86' lang='lat' dir='ltr'><strong>pavimentum,</strong></span> <span class='ocrx_word' id='word_1_285' title='bbox 651 3927 838 4012; x_wconf 85' lang='lat' dir='ltr'><strong>lateribus</strong></span> <span class='ocrx_word' id='word_1_286' title='bbox 853 3930 1026 4036; x_wconf 86' lang='lat' dir='ltr'><strong>stratum,</strong></span> <span class='ocrx_word' id='word_1_287' title='bbox 1047 3932 1164 4012; x_wconf 85' lang='lat' dir='ltr'><strong>talem</strong></span> <span class='ocrx_word' id='word_1_288' title='bbox 1183 3929 1393 4012; x_wconf 85' lang='lat' dir='ltr'><strong>efficaciam</strong></span> <span class='ocrx_word' id='word_1_289' title='bbox 1411 3957 1477 4034; x_wconf 85' lang='lat' dir='ltr'><strong>pa·</strong></span> 
     </span>
     <span class='ocr_line' id='line_1_35' title="bbox 139 4025 1479 4136; baseline 0.001 -22"><span class='ocrx_word' id='word_1_290' title='bbox 139 4035 318 4114; x_wconf 88' lang='lat' dir='ltr'><strong>vimento</strong></span> <span class='ocrx_word' id='word_1_291' title='bbox 337 4025 482 4114; x_wconf 81' lang='lat' dir='ltr'><strong>indidit</strong></span> <span class='ocrx_word' id='word_1_292' title='bbox 498 4059 512 4132; x_wconf 80' lang='lat'>3</span> <span class='ocrx_word' id='word_1_293' title='bbox 538 4043 582 4111; x_wconf 84' lang='lat' dir='ltr'><strong>ut</strong></span> <span class='ocrx_word' id='word_1_294' title='bbox 598 4033 682 4133; x_wconf 85' lang='lat' dir='ltr'><strong>post</strong></span> <span class='ocrx_word' id='word_1_295' title='bbox 699 4031 831 4132; x_wconf 90' lang='lat' dir='ltr'><strong>plures</strong></span> <span class='ocrx_word' id='word_1_296' title='bbox 849 4029 954 4136; x_wconf 83' lang='lat' dir='ltr'><strong>dies,</strong></span> <span class='ocrx_word' id='word_1_297' title='bbox 979 4055 1069 4118; x_wconf 89' lang='lat' dir='ltr'><strong>cum</strong></span> <span class='ocrx_word' id='word_1_298' title='bbox 1093 4033 1164 4114; x_wconf 88' lang='lat' dir='ltr'><strong>ille</strong></span> <span class='ocrx_word' id='word_1_299' title='bbox 1184 4031 1394 4136; x_wconf 86' lang='lat' dir='ltr'><strong>pavimenti</strong></span> <span class='ocrx_word' id='word_1_300' title='bbox 1420 4035 1479 4116; x_wconf 87' lang='lat' dir='ltr'><strong>lo·</strong></span> 
     </span>
     <span class='ocr_line' id='line_1_36' title="bbox 141 4132 1477 4240; baseline 0.001 -23"><span class='ocrx_word' id='word_1_301' title='bbox 141 4161 230 4238; x_wconf 84' lang='lat' dir='ltr'><strong>cus,</strong></span> <span class='ocrx_word' id='word_1_302' title='bbox 258 4133 435 4216; x_wconf 90' lang='lat' dir='ltr'><strong>submota</strong></span> <span class='ocrx_word' id='word_1_303' title='bbox 448 4133 561 4232; x_wconf 88' lang='lat' dir='ltr'><strong>luce,</strong></span> <span class='ocrx_word' id='word_1_304' title='bbox 588 4133 722 4213; x_wconf 88' lang='lat' dir='ltr'><strong>calceo</strong></span> <span class='ocrx_word' id='word_1_305' title='bbox 738 4132 969 4240; x_wconf 80' lang='lat' dir='ltr'><strong>fricaretur,</strong></span> <span class='ocrx_word' id='word_1_306' title='bbox 994 4160 1169 4240; x_wconf 86' lang='lat' dir='ltr'><strong>magnam</strong></span> <span class='ocrx_word' id='word_1_307' title='bbox 1186 4143 1375 4220; x_wconf 86' lang='lat' dir='ltr'><strong>flammam</strong></span> <span class='ocrx_word' id='word_1_308' title='bbox 1387 4160 1477 4218; x_wconf 92' lang='lat' dir='ltr'><strong>cum</strong></span> 
     </span>
     <span class='ocr_line' id='line_1_37' title="bbox 140 4231 1477 4444; baseline 0 -125"><span class='ocrx_word' id='word_1_309' title='bbox 140 4237 398 4322; x_wconf 82' lang='lat' dir='ltr'><strong>admiratione</strong></span> <span class='ocrx_word' id='word_1_310' title='bbox 413 4233 668 4340; x_wconf 78' lang='lat' dir='ltr'><strong>praesentium</strong></span> <span class='ocrx_word' id='word_1_311' title='bbox 680 4231 909 4444; x_wconf 46' lang='lat' dir='ltr'><strong>adnditterct</strong></span> <span class='ocrx_word' id='word_1_312' title='bbox 953 4239 1182 4328; x_wconf 84' lang='lat' dir='ltr'><strong>Cavendum</strong></span> <span class='ocrx_word' id='word_1_313' title='bbox 1200 4237 1371 4358; x_wconf 84' lang='lat' dir='ltr'><strong>denique</strong></span> <span class='ocrx_word' id='word_1_314' title='bbox 1389 4241 1477 4340; x_wconf 86' lang='lat' dir='ltr'><strong>plu·</strong></span> 
     </span>
     <span class='ocr_line' id='line_1_38' title="bbox 792 4361 1429 4444; baseline -0.005 -21"><span class='ocrx_word' id='word_1_315' title='bbox 792 4361 818 4442; x_wconf 91' lang='lat' dir='ltr'>q</span> <span class='ocrx_word' id='word_1_316' title='bbox 846 4367 869 4444; x_wconf 81' lang='lat'>3</span> <span class='ocrx_word' id='word_1_317' title='bbox 1284 4365 1429 4440; x_wconf 84' lang='lat' dir='ltr'><strong>rrmum</strong></span> 
     </span>
    </p>
   </div>
   <div class='ocr_carea' id='block_1_18' title="bbox 0 0 1896 4958">
    <p class='ocr_par' dir='ltr' id='par_1_19' title="bbox 0 0 1896 4958">
     <span class='ocr_line' id='line_1_39' title="bbox 0 0 1896 4958; baseline 0 4"><span class='ocrx_word' id='word_1_318' title='bbox 0 0 1896 4958; x_wconf 95' lang='lat' dir='ltr'><strong> </strong></span> 
     </span>
    </p>
   </div>
  </div>
 </body>
</html>
