<?xml version="1.0" encoding="UTF-8"?>
<!DOCTYPE html PUBLIC "-//W3C//DTD XHTML 1.0 Transitional//EN"
    "http://www.w3.org/TR/xhtml1/DTD/xhtml1-transitional.dtd">
<html xmlns="http://www.w3.org/1999/xhtml" xml:lang="en" lang="en">
 <head>
  <title>
</title>
<meta http-equiv="Content-Type" content="text/html;charset=utf-8" />
  <meta name='ocr-system' content='tesseract 3.04.00' />
  <meta name='ocr-capabilities' content='ocr_page ocr_carea ocr_par ocr_line ocrx_word'/>
</head>
<body>
  <div class='ocr_page' id='page_1' title='image "./florianidalhami00dalhgoog_0305.png"; bbox 0 0 3782 4958; ppageno 0'>
   <div class='ocr_carea' id='block_1_1' title="bbox 280 425 1481 549">
    <p class='ocr_par' dir='ltr' id='par_1_1' title="bbox 280 411 1481 549">
     <span class='ocr_line' id='line_1_1' title="bbox 280 425 1481 549; baseline 0.014 -27"><span class='ocrx_word' id='word_1_1' title='bbox 280 443 425 524; x_wconf 68' lang='lat' dir='ltr'>mar.</span> <span class='ocrx_word' id='word_1_2' title='bbox 442 442 476 521; x_wconf 91' lang='lat'>1.</span> <span class='ocrx_word' id='word_1_3' title='bbox 503 441 573 521; x_wconf 73' lang='lat' dir='ltr'>ua</span> <span class='ocrx_word' id='word_1_4' title='bbox 588 425 1276 533; x_wconf 58' lang='lat' dir='ltr'>arananrrsvorasmumv.</span> <span class='ocrx_word' id='word_1_5' title='bbox 1376 471 1447 549; x_wconf 84' lang='lat'>301</span> <span class='ocrx_word' id='word_1_6' title='bbox 1480 475 1481 478; x_wconf 33' lang='lat'>¹</span> 
     </span>
    </p>
   </div>
   <div class='ocr_carea' id='block_1_2' title="bbox 159 623 1503 838">
    <p class='ocr_par' dir='ltr' id='par_1_2' title="bbox 159 623 1503 838">
     <span class='ocr_line' id='line_1_2' title="bbox 159 623 1503 804; baseline 0.008 -101"><span class='ocrx_word' id='word_1_7' title='bbox 159 623 365 804; x_wconf 43' lang='lat' dir='ltr'>{nimfo</span> <span class='ocrx_word' id='word_1_8' title='bbox 386 651 419 706; x_wconf 78' lang='lat' dir='ltr'>ta</span> <span class='ocrx_word' id='word_1_9' title='bbox 505 657 537 706; x_wconf 72' lang='lat' dir='ltr'>ru</span> <span class='ocrx_word' id='word_1_10' title='bbox 564 636 601 744; x_wconf 48' lang='lat'>¹⁸⁸.</span> <span class='ocrx_word' id='word_1_11' title='bbox 615 630 697 735; x_wconf 71' lang='lat' dir='ltr'>quid</span> <span class='ocrx_word' id='word_1_12' title='bbox 718 631 865 744; x_wconf 69' lang='lat' dir='ltr'>ultimum</span> <span class='ocrx_word' id='word_1_13' title='bbox 887 635 951 708; x_wconf 72' lang='lat' dir='ltr'>alta</span> <span class='ocrx_word' id='word_1_14' title='bbox 972 634 1174 749; x_wconf 70' lang='lat' dir='ltr'>raefirlountuv.</span> <span class='ocrx_word' id='word_1_15' title='bbox 1237 633 1314 751; x_wconf 61' lang='lat' dir='ltr'>Cu}</span> <span class='ocrx_word' id='word_1_16' title='bbox 1339 633 1503 754; x_wconf 59' lang='lat' dir='ltr'>quinem</span> 
     </span>
     <span class='ocr_line' id='line_1_3' title="bbox 179 728 1499 838; baseline 0.008 -32"><span class='ocrx_word' id='word_1_17' title='bbox 179 743 368 808; x_wconf 84' lang='lat' dir='ltr'>ententrae</span> <span class='ocrx_word' id='word_1_18' title='bbox 385 751 434 809; x_wconf 91' lang='lat' dir='ltr'>eo</span> <span class='ocrx_word' id='word_1_19' title='bbox 468 731 649 811; x_wconf 88' lang='lat' dir='ltr'>ubentrus</span> <span class='ocrx_word' id='word_1_20' title='bbox 668 728 915 810; x_wconf 78' lang='lat' dir='ltr'>subscribere</span> <span class='ocrx_word' id='word_1_21' title='bbox 938 733 1101 834; x_wconf 83' lang='lat' dir='ltr'>placuit,</span> <span class='ocrx_word' id='word_1_22' title='bbox 1125 763 1206 838; x_wconf 89' lang='lat' dir='ltr'>quo</span> <span class='ocrx_word' id='word_1_23' title='bbox 1221 761 1354 818; x_wconf 81' lang='lat' dir='ltr'>verius</span> <span class='ocrx_word' id='word_1_24' title='bbox 1369 739 1499 820; x_wconf 79' lang='lat' dir='ltr'>existi-</span> 
     </span>
    </p>
   </div>
   <div class='ocr_carea' id='block_1_3' title="bbox 156 819 1499 1155">
    <p class='ocr_par' dir='ltr' id='par_1_3' title="bbox 156 819 1499 1155">
     <span class='ocr_line' id='line_1_4' title="bbox 160 819 1499 930; baseline 0.01 -20"><span class='ocrx_word' id='word_1_25' title='bbox 160 857 256 930; x_wconf 82' lang='lat' dir='ltr'>mo,</span> <span class='ocrx_word' id='word_1_26' title='bbox 282 831 565 914; x_wconf 87' lang='lat' dir='ltr'>elementorum</span> <span class='ocrx_word' id='word_1_27' title='bbox 589 819 784 912; x_wconf 70' lang='lat' dir='ltr'>distinttas</span> <span class='ocrx_word' id='word_1_28' title='bbox 809 833 987 912; x_wconf 89' lang='lat' dir='ltr'>entitates</span> <span class='ocrx_word' id='word_1_29' title='bbox 1013 835 1082 914; x_wconf 91' lang='lat' dir='ltr'>sub</span> <span class='ocrx_word' id='word_1_30' title='bbox 1109 839 1252 920; x_wconf 89' lang='lat' dir='ltr'>Mundi</span> <span class='ocrx_word' id='word_1_31' title='bbox 1274 837 1430 920; x_wconf 89' lang='lat' dir='ltr'>initium</span> <span class='ocrx_word' id='word_1_32' title='bbox 1454 839 1499 924; x_wconf 88' lang='lat' dir='ltr'>in</span> 
     </span>
     <span class='ocr_line' id='line_1_5' title="bbox 158 932 1497 1042; baseline 0.007 -32"><span class='ocrx_word' id='word_1_33' title='bbox 158 932 321 1014; x_wconf 83' lang='lat' dir='ltr'>minima</span> <span class='ocrx_word' id='word_1_34' title='bbox 358 933 586 1014; x_wconf 77' lang='lat' dir='ltr'>extensione</span> <span class='ocrx_word' id='word_1_35' title='bbox 610 957 633 1011; x_wconf 87' lang='lat' dir='ltr'>a</span> <span class='ocrx_word' id='word_1_36' title='bbox 655 936 769 1014; x_wconf 87' lang='grc' dir='ltr'>1)Εο</span> <span class='ocrx_word' id='word_1_37' title='bbox 802 932 1012 1034; x_wconf 74' lang='grc' dir='ltr'>ρτοάιιξὶειε</span> <span class='ocrx_word' id='word_1_38' title='bbox 1038 935 1182 1040; x_wconf 76' lang='lat' dir='ltr'>suitie,</span> <span class='ocrx_word' id='word_1_39' title='bbox 1207 943 1366 1042; x_wconf 77' lang='lat' dir='ltr'>prorius</span> <span class='ocrx_word' id='word_1_40' title='bbox 1390 939 1497 1020; x_wconf 83' lang='lat' dir='ltr'>inva-</span> 
     </span>
     <span class='ocr_line' id='line_1_6' title="bbox 156 1035 1496 1155; baseline 0.005 -42"><span class='ocrx_word' id='word_1_41' title='bbox 156 1035 345 1134; x_wconf 78' lang='lat' dir='ltr'>riabiles,</span> <span class='ocrx_word' id='word_1_42' title='bbox 374 1057 507 1155; x_wconf 78' lang='lat' dir='ltr'>neque</span> <span class='ocrx_word' id='word_1_43' title='bbox 534 1037 771 1115; x_wconf 82' lang='lat' dir='ltr'>elementum</span> <span class='ocrx_word' id='word_1_44' title='bbox 798 1061 921 1118; x_wconf 90' lang='lat' dir='ltr'>unum</span> <span class='ocrx_word' id='word_1_45' title='bbox 956 1037 998 1116; x_wconf 90' lang='lat' dir='ltr'>in</span> <span class='ocrx_word' id='word_1_46' title='bbox 1023 1038 1132 1120; x_wconf 81' lang='lat' dir='ltr'>aliud</span> <span class='ocrx_word' id='word_1_47' title='bbox 1159 1041 1261 1140; x_wconf 80' lang='lat' dir='ltr'>poffe</span> <span class='ocrx_word' id='word_1_48' title='bbox 1287 1040 1496 1124; x_wconf 73' lang='lat' dir='ltr'>convertit</span> 
     </span>
    </p>
   </div>
   <div class='ocr_carea' id='block_1_4' title="bbox 16 1136 1625 1337">
    <p class='ocr_par' dir='ltr' id='par_1_4' title="bbox 16 1136 1625 1337">
     <span class='ocr_line' id='line_1_7' title="bbox 16 1136 1497 1244; baseline 0.005 -31"><span class='ocrx_word' id='word_1_49' title='bbox 16 1205 21 1244; x_wconf 61' lang='lat'>‚</span> <span class='ocrx_word' id='word_1_50' title='bbox 157 1137 337 1215; x_wconf 82' lang='lat' dir='ltr'>minimas</span> <span class='ocrx_word' id='word_1_51' title='bbox 382 1160 567 1240; x_wconf 81' lang='lat' dir='ltr'>cujusque</span> <span class='ocrx_word' id='word_1_52' title='bbox 608 1137 796 1217; x_wconf 85' lang='lat' dir='ltr'>elementi</span> <span class='ocrx_word' id='word_1_53' title='bbox 830 1136 1033 1238; x_wconf 82' lang='lat' dir='ltr'>particulas</span> <span class='ocrx_word' id='word_1_54' title='bbox 1066 1142 1291 1241; x_wconf 88' lang='lat' dir='ltr'>primaevam</span> <span class='ocrx_word' id='word_1_55' title='bbox 1319 1155 1497 1224; x_wconf 88' lang='lat' dir='ltr'>naturam</span> 
     </span>
     <span class='ocr_line' id='line_1_8' title="bbox 156 1237 1625 1337; baseline 0.001 -19"><span class='ocrx_word' id='word_1_56' title='bbox 156 1239 288 1337; x_wconf 74' lang='lat' dir='ltr'>suam,</span> <span class='ocrx_word' id='word_1_57' title='bbox 314 1238 420 1320; x_wconf 82' lang='lat' dir='ltr'>nulia</span> <span class='ocrx_word' id='word_1_58' title='bbox 444 1238 519 1317; x_wconf 88' lang='lat' dir='ltr'>alia</span> <span class='ocrx_word' id='word_1_59' title='bbox 544 1239 694 1319; x_wconf 86' lang='lat' dir='ltr'>ratione</span> <span class='ocrx_word' id='word_1_60' title='bbox 720 1237 929 1320; x_wconf 85' lang='lat' dir='ltr'>intrinseca</span> <span class='ocrx_word' id='word_1_61' title='bbox 955 1241 1001 1318; x_wconf 85' lang='lat' dir='ltr'>ab</span> <span class='ocrx_word' id='word_1_62' title='bbox 1018 1237 1222 1326; x_wconf 71' lang='lat' dir='ltr'>intelietta</span> <span class='ocrx_word' id='word_1_63' title='bbox 1239 1247 1406 1325; x_wconf 82' lang='lat' dir='ltr'>humano</span> <span class='ocrx_word' id='word_1_64' title='bbox 1427 1243 1496 1322; x_wconf 86' lang='lat' dir='ltr'>de-</span> <span class='ocrx_word' id='word_1_65' title='bbox 1602 1291 1625 1320; x_wconf 87' lang='lat'>·.</span> 
     </span>
    </p>
   </div>
   <div class='ocr_carea' id='block_1_5' title="bbox 153 1339 1533 1651">
    <p class='ocr_par' dir='ltr' id='par_1_5' title="bbox 153 1339 1533 1651">
     <span class='ocr_line' id='line_1_9' title="bbox 153 1339 1533 1446; baseline 0.001 -25"><span class='ocrx_word' id='word_1_66' title='bbox 153 1339 394 1442; x_wconf 79' lang='lat' dir='ltr'>finibilem,</span> <span class='ocrx_word' id='word_1_67' title='bbox 429 1341 736 1440; x_wconf 78' lang='lat' dir='ltr'>primaevam&#39;que</span> <span class='ocrx_word' id='word_1_68' title='bbox 772 1341 1151 1443; x_wconf 84' lang='lat' dir='ltr'>configurationem·</span> <span class='ocrx_word' id='word_1_69' title='bbox 1165 1347 1268 1427; x_wconf 82' lang='lat' dir='ltr'>suam</span> <span class='ocrx_word' id='word_1_70' title='bbox 1304 1359 1495 1446; x_wconf 91' lang='lat' dir='ltr'>perpetuo</span> <span class='ocrx_word' id='word_1_71' title='bbox 1532 1371 1533 1374; x_wconf 57' lang='lat'>‘</span> 
     </span>
     <span class='ocr_line' id='line_1_10' title="bbox 155 1442 1497 1548; baseline 0.002 -26"><span class='ocrx_word' id='word_1_72' title='bbox 155 1443 362 1522; x_wconf 87' lang='lat' dir='ltr'>retinere:</span> <span class='ocrx_word' id='word_1_73' title='bbox 395 1467 528 1544; x_wconf 87' lang='lat' dir='ltr'>neque</span> <span class='ocrx_word' id='word_1_74' title='bbox 547 1443 628 1524; x_wconf 82' lang='lat' dir='ltr'>ulla</span> <span class='ocrx_word' id='word_1_75' title='bbox 654 1457 734 1521; x_wconf 86' lang='lat' dir='ltr'>arte</span> <span class='ocrx_word' id='word_1_76' title='bbox 760 1452 892 1524; x_wconf 77' lang='lat' dir='ltr'>ae&#39;rem</span> <span class='ocrx_word' id='word_1_77' title='bbox 919 1442 960 1523; x_wconf 91' lang='lat' dir='ltr'>in</span> <span class='ocrx_word' id='word_1_78' title='bbox 982 1443 1112 1544; x_wconf 86' lang='lat' dir='ltr'>ignem</span> <span class='ocrx_word' id='word_1_79' title='bbox 1135 1445 1361 1528; x_wconf 88' lang='lat' dir='ltr'>commutari</span> <span class='ocrx_word' id='word_1_80' title='bbox 1379 1443 1497 1548; x_wconf 83' lang='lat' dir='ltr'>poffe,</span> 
     </span>
     <span class='ocr_line' id='line_1_11' title="bbox 154 1541 1493 1651; baseline 0.001 -27"><span class='ocrx_word' id='word_1_81' title='bbox 154 1567 291 1648; x_wconf 87' lang='lat' dir='ltr'>neque</span> <span class='ocrx_word' id='word_1_82' title='bbox 361 1569 452 1623; x_wconf 78' lang='lat' dir='ltr'>uam·</span> <span class='ocrx_word' id='word_1_83' title='bbox 474 1545 517 1623; x_wconf 89' lang='lat' dir='ltr'>in</span> <span class='ocrx_word' id='word_1_84' title='bbox 538 1552 666 1623; x_wconf 76' lang='lat' dir='ltr'>aerem</span> <span class='ocrx_word' id='word_1_85' title='bbox 693 1541 1026 1648; x_wconf 63' lang='lat' dir='ltr'>(§.4042d1.)·</span> <span class='ocrx_word' id='word_1_86' title='bbox 1077 1549 1184 1630; x_wconf 86' lang='lat' dir='ltr'>Hinc</span> <span class='ocrx_word' id='word_1_87' title='bbox 1200 1547 1321 1651; x_wconf 87' lang='lat' dir='ltr'>longe</span> <span class='ocrx_word' id='word_1_88' title='bbox 1344 1570 1493 1636; x_wconf 85' lang='lat' dir='ltr'>amen·</span> 
     </span>
    </p>
   </div>
   <div class='ocr_carea' id='block_1_6' title="bbox 15 1643 1492 1756">
    <p class='ocr_par' dir='ltr' id='par_1_6' title="bbox 15 1643 1492 1756">
     <span class='ocr_line' id='line_1_12' title="bbox 15 1643 1492 1756; baseline -0.003 -26"><span class='ocrx_word' id='word_1_89' title='bbox 15 1645 17 1756; x_wconf 63' lang='lat'>[</span> <span class='ocrx_word' id='word_1_90' title='bbox 150 1665 194 1728; x_wconf 91' lang='lat' dir='ltr'>te</span> <span class='ocrx_word' id='word_1_91' title='bbox 223 1653 318 1727; x_wconf 82' lang='lat' dir='ltr'>Cart</span> <span class='ocrx_word' id='word_1_92' title='bbox 360 1645 387 1724; x_wconf 86' lang='lat' dir='ltr'>ri</span> <span class='ocrx_word' id='word_1_93' title='bbox 412 1647 575 1746; x_wconf 83' lang='lat' dir='ltr'>absum,</span> <span class='ocrx_word' id='word_1_94' title='bbox 599 1643 668 1746; x_wconf 86' lang='lat' dir='ltr'>qui</span> <span class='ocrx_word' id='word_1_95' title='bbox 695 1655 790 1726; x_wconf 75' lang='lat' dir='ltr'>Paro</span> <span class='ocrx_word' id='word_1_96' title='bbox 815 1657 871 1726; x_wconf 84' lang='lat' dir='ltr'>W.</span> <span class='ocrx_word' id='word_1_97' title='bbox 894 1657 1031 1747; x_wconf 72' lang='lat' dir='ltr'>Princip.</span> <span class='ocrx_word' id='word_1_98' title='bbox 1055 1680 1140 1729; x_wconf 78' lang='lat' dir='ltr'>num.</span> <span class='ocrx_word' id='word_1_99' title='bbox 1161 1659 1222 1738; x_wconf 84' lang='lat'>80·</span> <span class='ocrx_word' id='word_1_100' title='bbox 1254 1659 1385 1732; x_wconf 72' lang='lat' dir='ltr'>aerem</span> <span class='ocrx_word' id='word_1_101' title='bbox 1410 1663 1492 1730; x_wconf 84' lang='lat' dir='ltr'>tum</span> 
     </span>
    </p>
   </div>
   <div class='ocr_carea' id='block_1_7' title="bbox 150 1746 1493 1848">
    <p class='ocr_par' dir='ltr' id='par_1_7' title="bbox 150 1746 1493 1848">
     <span class='ocr_line' id='line_1_13' title="bbox 150 1746 1493 1848; baseline -0.001 -20"><span class='ocrx_word' id='word_1_102' title='bbox 150 1747 246 1828; x_wconf 90' lang='lat' dir='ltr'>fieri</span> <span class='ocrx_word' id='word_1_103' title='bbox 271 1749 482 1848; x_wconf 64' lang='lat' dir='ltr'>asseverat,</span> <span class='ocrx_word' id='word_1_104' title='bbox 513 1771 600 1825; x_wconf 91' lang='lat' dir='ltr'>cum</span> <span class='ocrx_word' id='word_1_105' title='bbox 628 1746 787 1826; x_wconf 83' lang='lat' dir='ltr'>materia</span> <span class='ocrx_word' id='word_1_106' title='bbox 813 1748 998 1829; x_wconf 88' lang='lat' dir='ltr'>elementi</span> <span class='ocrx_word' id='word_1_107' title='bbox 1025 1750 1084 1828; x_wconf 93' lang='lat' dir='ltr'>sui</span> <span class='ocrx_word' id='word_1_108' title='bbox 1109 1751 1215 1833; x_wconf 90' lang='lat' dir='ltr'>tertii</span> <span class='ocrx_word' id='word_1_109' title='bbox 1242 1751 1388 1832; x_wconf 82' lang='lat' dir='ltr'>innatat</span> <span class='ocrx_word' id='word_1_110' title='bbox 1411 1750 1493 1828; x_wconf 87' lang='lat' dir='ltr'>eie-</span> 
     </span>
    </p>
   </div>
   <div class='ocr_carea' id='block_1_8' title="bbox 15 1846 1493 2160">
    <p class='ocr_par' dir='ltr' id='par_1_8' title="bbox 15 1846 1493 2160">
     <span class='ocr_line' id='line_1_14' title="bbox 152 1846 1493 1949; baseline 0.003 -22.629"><span class='ocrx_word' id='word_1_111' title='bbox 152 1867 292 1930; x_wconf 88' lang='lat' dir='ltr'>mento</span> <span class='ocrx_word' id='word_1_112' title='bbox 316 1850 520 1928; x_wconf 78' lang='lat' dir='ltr'>secundo:</span> <span class='ocrx_word' id='word_1_113' title='bbox 546 1846 677 1949; x_wconf 81' lang='lat' dir='ltr'>ignem</span> <span class='ocrx_word' id='word_1_114' title='bbox 699 1871 798 1928; x_wconf 87' lang='lat' dir='ltr'>vero</span> <span class='ocrx_word' id='word_1_115' title='bbox 818 1864 921 1946; x_wconf 75' lang='lat' dir='ltr'>tum,</span> <span class='ocrx_word' id='word_1_116' title='bbox 949 1873 1040 1928; x_wconf 88' lang='lat' dir='ltr'>cum</span> <span class='ocrx_word' id='word_1_117' title='bbox 1065 1853 1204 1931; x_wconf 81' lang='lat' dir='ltr'>eadem</span> <span class='ocrx_word' id='word_1_118' title='bbox 1229 1853 1390 1931; x_wconf 82' lang='lat' dir='ltr'>materia</span> <span class='ocrx_word' id='word_1_119' title='bbox 1415 1867 1493 1930; x_wconf 88' lang='lat' dir='ltr'>ter·</span> 
     </span>
     <span class='ocr_line' id='line_1_15' title="bbox 15 1948 1492 2060; baseline 0.001 -27"><span class='ocrx_word' id='word_1_120' title='bbox 15 1959 17 1980; x_wconf 75' lang='lat'><em>&#39;</em></span> <span class='ocrx_word' id='word_1_121' title='bbox 149 1952 200 2033; x_wconf 90' lang='lat' dir='ltr'>tii</span> <span class='ocrx_word' id='word_1_122' title='bbox 228 1951 415 2032; x_wconf 87' lang='lat' dir='ltr'>elementi</span> <span class='ocrx_word' id='word_1_123' title='bbox 446 1977 468 2028; x_wconf 89' lang='lat' dir='ltr'>a</span> <span class='ocrx_word' id='word_1_124' title='bbox 493 1948 622 2050; x_wconf 89' lang='lat' dir='ltr'>primo</span> <span class='ocrx_word' id='word_1_125' title='bbox 653 1949 722 2028; x_wconf 92' lang='lat' dir='ltr'>suo</span> <span class='ocrx_word' id='word_1_126' title='bbox 749 1949 945 2027; x_wconf 88' lang='lat' dir='ltr'>elemento</span> <span class='ocrx_word' id='word_1_127' title='bbox 979 1949 1201 2050; x_wconf 75' lang='lat' dir='ltr'>abripitur3</span> <span class='ocrx_word' id='word_1_128' title='bbox 1248 1951 1357 2060; x_wconf 88' lang='lat' dir='ltr'>Quid</span> <span class='ocrx_word' id='word_1_129' title='bbox 1381 1952 1492 2035; x_wconf 84' lang='lat' dir='ltr'>enim</span> 
     </span>
     <span class='ocr_line' id='line_1_16' title="bbox 15 2045 1493 2160; baseline 0.001 -27"><span class='ocrx_word' id='word_1_130' title='bbox 15 2109 17 2160; x_wconf 44' lang='lat' dir='ltr'>p</span> <span class='ocrx_word' id='word_1_131' title='bbox 153 2051 353 2134; x_wconf 83' lang='lat' dir='ltr'>neceffum</span> <span class='ocrx_word' id='word_1_132' title='bbox 381 2053 467 2151; x_wconf 79' lang='lat' dir='ltr'>est,</span> <span class='ocrx_word' id='word_1_133' title='bbox 493 2045 541 2129; x_wconf 83' lang='lat' dir='ltr'>ad</span> <span class='ocrx_word' id='word_1_134' title='bbox 566 2051 831 2153; x_wconf 84' lang='lat' dir='ltr'>hypotheseon</span> <span class='ocrx_word' id='word_1_135' title='bbox 862 2049 1002 2132; x_wconf 88' lang='lat' dir='ltr'>harum</span> <span class='ocrx_word' id='word_1_136' title='bbox 1030 2053 1334 2154; x_wconf 84' lang='lat' dir='ltr'>composrtiones</span> <span class='ocrx_word' id='word_1_137' title='bbox 1354 2053 1493 2135; x_wconf 78' lang='lat' dir='ltr'>eonsu-</span> 
     </span>
    </p>
   </div>
   <div class='ocr_carea' id='block_1_9' title="bbox 150 2149 1492 2358">
    <p class='ocr_par' dir='ltr' id='par_1_9' title="bbox 150 2149 1492 2358">
     <span class='ocr_line' id='line_1_17' title="bbox 150 2149 1492 2256; baseline -0.001 -22"><span class='ocrx_word' id='word_1_138' title='bbox 150 2179 283 2256; x_wconf 78' lang='lat' dir='ltr'>gere3</span> <span class='ocrx_word' id='word_1_139' title='bbox 319 2179 408 2236; x_wconf 83' lang='lat' dir='ltr'>cum</span> <span class='ocrx_word' id='word_1_140' title='bbox 438 2149 654 2252; x_wconf 88' lang='lat' dir='ltr'><strong>pulchriori</strong></span> <span class='ocrx_word' id='word_1_141' title='bbox 688 2150 777 2232; x_wconf 80' lang='lat' dir='ltr'>idea</span> <span class='ocrx_word' id='word_1_142' title='bbox 811 2152 970 2250; x_wconf 71' lang='lat' dir='ltr'>simplex</span> <span class='ocrx_word' id='word_1_143' title='bbox 1004 2154 1289 2237; x_wconf 88' lang='lat' dir='ltr'>elementorum</span> <span class='ocrx_word' id='word_1_144' title='bbox 1325 2171 1492 2253; x_wconf 79' lang='lat' dir='ltr'>natura,</span> 
     </span>
     <span class='ocr_line' id='line_1_18' title="bbox 151 2251 1490 2358; baseline -0.002 -22"><span class='ocrx_word' id='word_1_145' title='bbox 151 2257 320 2356; x_wconf 87' lang='lat' dir='ltr'>fimpliei</span> <span class='ocrx_word' id='word_1_146' title='bbox 346 2251 544 2336; x_wconf 79' lang='lat' dir='ltr'>creatoris</span> <span class='ocrx_word' id='word_1_147' title='bbox 577 2254 777 2334; x_wconf 87' lang='lat' dir='ltr'>beneficio</span> <span class='ocrx_word' id='word_1_148' title='bbox 809 2251 958 2334; x_wconf 82' lang='lat' dir='ltr'>traxiffe</span> <span class='ocrx_word' id='word_1_149' title='bbox 991 2252 1186 2354; x_wconf 87' lang='lat' dir='ltr'>originem</span> <span class='ocrx_word' id='word_1_150' title='bbox 1212 2255 1450 2358; x_wconf 85' lang='lat' dir='ltr'>concipiatur</span> <span class='ocrx_word' id='word_1_151' title='bbox 1476 2277 1490 2358; x_wconf 84' lang='lat'>3</span> 
     </span>
    </p>
   </div>
   <div class='ocr_carea' id='block_1_10' title="bbox 14 2347 1530 2566">
    <p class='ocr_par' dir='ltr' id='par_1_10' title="bbox 14 2347 1530 2566">
     <span class='ocr_line' id='line_1_19' title="bbox 14 2347 1492 2460; baseline -0.006 -18"><span class='ocrx_word' id='word_1_152' title='bbox 14 2421 15 2452; x_wconf 37' lang='lat' dir='ltr'>n</span> <span class='ocrx_word' id='word_1_153' title='bbox 150 2359 265 2460; x_wconf 85' lang='lat' dir='ltr'>Ignis</span> <span class='ocrx_word' id='word_1_154' title='bbox 289 2373 398 2438; x_wconf 89' lang='lat' dir='ltr'>certo</span> <span class='ocrx_word' id='word_1_155' title='bbox 423 2353 596 2435; x_wconf 83' lang='lat' dir='ltr'>minimae</span> <span class='ocrx_word' id='word_1_156' title='bbox 621 2355 823 2456; x_wconf 77' lang='lat' dir='ltr'>particulae</span> <span class='ocrx_word' id='word_1_157' title='bbox 857 2356 898 2434; x_wconf 92' lang='lat' dir='ltr'>in</span> <span class='ocrx_word' id='word_1_158' title='bbox 924 2355 1157 2458; x_wconf 77' lang='lat' dir='ltr'>corporibus</span> <span class='ocrx_word' id='word_1_159' title='bbox 1183 2359 1367 2438; x_wconf 85' lang='lat' dir='ltr'>omnibus</span> <span class='ocrx_word' id='word_1_160' title='bbox 1389 2347 1492 2434; x_wconf 81' lang='lat' dir='ltr'>deli·</span> 
     </span>
     <span class='ocr_line' id='line_1_20' title="bbox 14 2453 1530 2566; baseline -0.02 -22"><span class='ocrx_word' id='word_1_161' title='bbox 14 2515 15 2520; x_wconf 11' lang='grc' dir='ltr'><strong><em>Ν</em></strong></span> <span class='ocrx_word' id='word_1_162' title='bbox 148 2464 371 2561; x_wconf 70' lang='lat' dir='ltr'>testantes,</span> <span class='ocrx_word' id='word_1_163' title='bbox 395 2461 436 2540; x_wconf 70' lang='grc' dir='ltr'>δι</span> <span class='ocrx_word' id='word_1_164' title='bbox 460 2480 532 2558; x_wconf 86' lang='lat' dir='ltr'>per</span> <span class='ocrx_word' id='word_1_165' title='bbox 556 2455 690 2536; x_wconf 84' lang='lat' dir='ltr'>omnia</span> <span class='ocrx_word' id='word_1_166' title='bbox 714 2480 879 2556; x_wconf 86' lang='lat' dir='ltr'>corpora</span> <span class='ocrx_word' id='word_1_167' title='bbox 906 2453 1058 2538; x_wconf 84' lang='lat' dir='ltr'>diffusae</span> <span class='ocrx_word' id='word_1_168' title='bbox 1084 2463 1143 2563; x_wconf 60' lang='lat' dir='ltr'>(p,</span> <span class='ocrx_word' id='word_1_169' title='bbox 1160 2466 1279 2566; x_wconf 62' lang='lat'>364)</span> <span class='ocrx_word' id='word_1_170' title='bbox 1304 2456 1490 2540; x_wconf 80' lang='lat' dir='ltr'>Cartefia-</span> <span class='ocrx_word' id='word_1_171' title='bbox 1526 2477 1530 2484; x_wconf 87' lang='lat'><em>·</em></span> 
     </span>
    </p>
   </div>
   <div class='ocr_carea' id='block_1_11' title="bbox 151 2555 1490 2674">
    <p class='ocr_par' dir='ltr' id='par_1_11' title="bbox 151 2555 1490 2674">
     <span class='ocr_line' id='line_1_21' title="bbox 151 2555 1490 2674; baseline -0.002 -30"><span class='ocrx_word' id='word_1_172' title='bbox 151 2587 298 2644; x_wconf 88' lang='lat' dir='ltr'>norum</span> <span class='ocrx_word' id='word_1_173' title='bbox 325 2560 565 2640; x_wconf 83' lang='lat' dir='ltr'>arbitrariam</span> <span class='ocrx_word' id='word_1_174' title='bbox 597 2555 836 2674; x_wconf 77' lang='lat' dir='ltr'>hypothesim</span> <span class='ocrx_word' id='word_1_175' title='bbox 863 2560 1121 2660; x_wconf 86' lang='lat' dir='ltr'>convellunt,</span> <span class='ocrx_word' id='word_1_176' title='bbox 1146 2587 1229 2644; x_wconf 91' lang='lat' dir='ltr'>uno</span> <span class='ocrx_word' id='word_1_177' title='bbox 1254 2584 1326 2641; x_wconf 88' lang='lat' dir='ltr'>ore</span> <span class='ocrx_word' id='word_1_178' title='bbox 1354 2557 1490 2641; x_wconf 89' lang='lat' dir='ltr'>dieen-</span> 
     </span>
    </p>
   </div>
   <div class='ocr_carea' id='block_1_12' title="bbox 14 2657 1488 2766">
    <p class='ocr_par' dir='ltr' id='par_1_12' title="bbox 14 2657 1488 2766">
     <span class='ocr_line' id='line_1_22' title="bbox 14 2657 1488 2766; baseline -0.005 -21"><span class='ocrx_word' id='word_1_179' title='bbox 14 2697 15 2700; x_wconf 39' lang='lat'>¹</span> <span class='ocrx_word' id='word_1_180' title='bbox 148 2666 291 2764; x_wconf 85' lang='lat' dir='ltr'>tium,</span> <span class='ocrx_word' id='word_1_181' title='bbox 315 2665 450 2766; x_wconf 88' lang='lat' dir='ltr'>ignem</span> <span class='ocrx_word' id='word_1_182' title='bbox 478 2657 671 2761; x_wconf 78' lang='lat' dir='ltr'>produci,</span> <span class='ocrx_word' id='word_1_183' title='bbox 697 2681 787 2741; x_wconf 83' lang='lat' dir='ltr'>eum</span> <span class='ocrx_word' id='word_1_184' title='bbox 818 2657 977 2741; x_wconf 83' lang='lat' dir='ltr'>materia</span> <span class='ocrx_word' id='word_1_185' title='bbox 1007 2662 1064 2744; x_wconf 84' lang='lat' dir='ltr'>sul</span> <span class='ocrx_word' id='word_1_186' title='bbox 1095 2665 1216 2744; x_wconf 85' lang='lat' dir='ltr'>hurea</span> <span class='ocrx_word' id='word_1_187' title='bbox 1237 2664 1277 2744; x_wconf 71' lang='lat' dir='ltr'>br</span> <span class='ocrx_word' id='word_1_188' title='bbox 1299 2661 1488 2741; x_wconf 75' lang='lat' dir='ltr'>nitrosaa</span> 
     </span>
    </p>
   </div>
   <div class='ocr_carea' id='block_1_13' title="bbox 150 2757 1491 3583">
    <p class='ocr_par' dir='ltr' id='par_1_13' title="bbox 150 2757 1491 3583">
     <span class='ocr_line' id='line_1_23' title="bbox 150 2757 1489 2863; baseline -0.007 -17"><span class='ocrx_word' id='word_1_189' title='bbox 150 2765 316 2846; x_wconf 80' lang='lat' dir='ltr'>materia</span> <span class='ocrx_word' id='word_1_190' title='bbox 347 2764 481 2847; x_wconf 85' lang='lat' dir='ltr'>subtili</span> <span class='ocrx_word' id='word_1_191' title='bbox 509 2757 740 2862; x_wconf 84' lang='lat' dir='ltr'>rapidiffime</span> <span class='ocrx_word' id='word_1_192' title='bbox 775 2761 1014 2862; x_wconf 81' lang='lat' dir='ltr'>exagitatur3</span> <span class='ocrx_word' id='word_1_193' title='bbox 1066 2764 1211 2841; x_wconf 88' lang='lat' dir='ltr'>renim</span> <span class='ocrx_word' id='word_1_194' title='bbox 1245 2761 1348 2863; x_wconf 86' lang='lat' dir='ltr'>ignis</span> <span class='ocrx_word' id='word_1_195' title='bbox 1373 2760 1489 2859; x_wconf 87' lang='lat' dir='ltr'>parti·</span> 
     </span>
     <span class='ocr_line' id='line_1_24' title="bbox 152 2857 1488 2966; baseline -0.005 -19"><span class='ocrx_word' id='word_1_196' title='bbox 152 2871 260 2950; x_wconf 83' lang='lat' dir='ltr'>culae</span> <span class='ocrx_word' id='word_1_197' title='bbox 287 2866 520 2966; x_wconf 84' lang='lat' dir='ltr'>corporibus</span> <span class='ocrx_word' id='word_1_198' title='bbox 536 2867 612 2964; x_wconf 84' lang='lat' dir='ltr'>jam</span> <span class='ocrx_word' id='word_1_199' title='bbox 637 2857 758 2941; x_wconf 82' lang='lat' dir='ltr'>ineffe</span> <span class='ocrx_word' id='word_1_200' title='bbox 784 2859 1087 2966; x_wconf 81' lang='lat' dir='ltr'>concipiuntur,</span> <span class='ocrx_word' id='word_1_201' title='bbox 1100 2859 1239 2940; x_wconf 76' lang='lat' dir='ltr'>alienis</span> <span class='ocrx_word' id='word_1_202' title='bbox 1256 2881 1385 2942; x_wconf 86' lang='lat' dir='ltr'>tamen</span> <span class='ocrx_word' id='word_1_203' title='bbox 1402 2887 1488 2965; x_wconf 87' lang='lat' dir='ltr'>par·</span> 
     </span>
     <span class='ocr_line' id='line_1_25' title="bbox 150 2959 1488 3069; baseline -0.007 -19"><span class='ocrx_word' id='word_1_204' title='bbox 150 2971 281 3052; x_wconf 84' lang='lat' dir='ltr'>ticulis</span> <span class='ocrx_word' id='word_1_205' title='bbox 306 2969 486 3069; x_wconf 83' lang='lat' dir='ltr'>illigatae:</span> <span class='ocrx_word' id='word_1_206' title='bbox 515 2961 715 3044; x_wconf 83' lang='lat' dir='ltr'>fitandem</span> <span class='ocrx_word' id='word_1_207' title='bbox 732 2959 860 3039; x_wconf 85' lang='lat' dir='ltr'>attritu</span> <span class='ocrx_word' id='word_1_208' title='bbox 886 2961 954 3042; x_wconf 88' lang='lat' dir='ltr'>seu</span> <span class='ocrx_word' id='word_1_209' title='bbox 979 2977 1090 3042; x_wconf 89' lang='lat' dir='ltr'>motu</span> <span class='ocrx_word' id='word_1_210' title='bbox 1116 2963 1421 3064; x_wconf 84' lang='lat' dir='ltr'>superveniente</span> <span class='ocrx_word' id='word_1_211' title='bbox 1436 2961 1488 3041; x_wconf 85' lang='lat' dir='ltr'>ita</span> 
     </span>
     <span class='ocr_line' id='line_1_26' title="bbox 150 3061 1491 3187; baseline -0.007 -35"><span class='ocrx_word' id='word_1_212' title='bbox 150 3073 419 3187; x_wconf 71' lang='lat' dir='ltr'>elibernntur2</span> <span class='ocrx_word' id='word_1_213' title='bbox 440 3084 484 3150; x_wconf 94' lang='lat' dir='ltr'>ut</span> <span class='ocrx_word' id='word_1_214' title='bbox 510 3075 777 3178; x_wconf 75' lang='lat' dir='ltr'>concurrant,</span> <span class='ocrx_word' id='word_1_215' title='bbox 803 3061 979 3164; x_wconf 86' lang='lat' dir='ltr'>fiantque</span> <span class='ocrx_word' id='word_1_216' title='bbox 1011 3063 1237 3168; x_wconf 84' lang='lat' dir='ltr'>senfibiles3</span> <span class='ocrx_word' id='word_1_217' title='bbox 1270 3061 1364 3171; x_wconf 90' lang='lat' dir='ltr'>quid</span> <span class='ocrx_word' id='word_1_218' title='bbox 1390 3090 1491 3169; x_wconf 77' lang='lat' dir='ltr'>opus</span> 
     </span>
     <span class='ocr_line' id='line_1_27' title="bbox 150 3165 1485 3276; baseline -0.009 -20"><span class='ocrx_word' id='word_1_219' title='bbox 150 3176 232 3276; x_wconf 77' lang='lat' dir='ltr'>est,</span> <span class='ocrx_word' id='word_1_220' title='bbox 258 3197 380 3254; x_wconf 84' lang='lat' dir='ltr'>novas</span> <span class='ocrx_word' id='word_1_221' title='bbox 402 3173 505 3272; x_wconf 75' lang='lat' dir='ltr'>ignis</span> <span class='ocrx_word' id='word_1_222' title='bbox 531 3179 824 3271; x_wconf 81' lang='lat' dir='ltr'>generanones,</span> <span class='ocrx_word' id='word_1_223' title='bbox 849 3166 1206 3252; x_wconf 83' lang='lat' dir='ltr'>&amp;concurrentem</span> <span class='ocrx_word' id='word_1_224' title='bbox 1233 3165 1282 3246; x_wconf 88' lang='lat' dir='ltr'>ad</span> <span class='ocrx_word' id='word_1_225' title='bbox 1305 3167 1401 3252; x_wconf 82' lang='lat' dir='ltr'>tales</span> <span class='ocrx_word' id='word_1_226' title='bbox 1419 3188 1485 3268; x_wconf 83' lang='lat' dir='ltr'>ge·</span> 
     </span>
     <span class='ocr_line' id='line_1_28' title="bbox 152 3265 1487 3378; baseline -0.01 -20"><span class='ocrx_word' id='word_1_227' title='bbox 152 3277 377 3358; x_wconf 87' lang='lat' dir='ltr'>nerationes</span> <span class='ocrx_word' id='word_1_228' title='bbox 391 3274 653 3378; x_wconf 78' lang='lat' dir='ltr'>sulphuream,</span> <span class='ocrx_word' id='word_1_229' title='bbox 669 3265 869 3367; x_wconf 78' lang='lat' dir='ltr'>nitrosam,</span> <span class='ocrx_word' id='word_1_230' title='bbox 888 3265 1148 3372; x_wconf 89' lang='lat' dir='ltr'>subtilemque</span> <span class='ocrx_word' id='word_1_231' title='bbox 1164 3271 1363 3351; x_wconf 82' lang='lat' dir='ltr'>materiam</span> <span class='ocrx_word' id='word_1_232' title='bbox 1385 3291 1487 3348; x_wconf 77' lang='lat' dir='ltr'>com·</span> 
     </span>
     <span class='ocr_line' id='line_1_29' title="bbox 151 3365 1485 3478; baseline -0.011 -20"><span class='ocrx_word' id='word_1_233' title='bbox 151 3375 343 3458; x_wconf 74' lang='lat' dir='ltr'>minisci?</span> <span class='ocrx_word' id='word_1_234' title='bbox 382 3373 599 3478; x_wconf 83' lang='lat' dir='ltr'>praesertim</span> <span class='ocrx_word' id='word_1_235' title='bbox 635 3393 726 3452; x_wconf 86' lang='lat' dir='ltr'>cum</span> <span class='ocrx_word' id='word_1_236' title='bbox 762 3365 876 3447; x_wconf 89' lang='lat' dir='ltr'>nullo</span> <span class='ocrx_word' id='word_1_237' title='bbox 909 3368 1091 3452; x_wconf 64' lang='lat' dir='ltr'>haetenus</span> <span class='ocrx_word' id='word_1_238' title='bbox 1123 3395 1172 3452; x_wconf 87' lang='lat' dir='ltr'>ex</span> <span class='ocrx_word' id='word_1_239' title='bbox 1224 3375 1390 3452; x_wconf 85' lang='lat' dir='ltr'>rimento</span> <span class='ocrx_word' id='word_1_240' title='bbox 1418 3367 1485 3444; x_wconf 88' lang='lat' dir='ltr'>de·</span> 
     </span>
     <span class='ocr_line' id='line_1_30' title="bbox 151 3467 1484 3583; baseline -0.008 -25"><span class='ocrx_word' id='word_1_241' title='bbox 151 3479 388 3583; x_wconf 85' lang='lat' dir='ltr'>prehensum</span> <span class='ocrx_word' id='word_1_242' title='bbox 411 3479 487 3578; x_wconf 75' lang='lat' dir='ltr'>srt,</span> <span class='ocrx_word' id='word_1_243' title='bbox 512 3477 800 3556; x_wconf 87' lang='lat' dir='ltr'>elementorum</span> <span class='ocrx_word' id='word_1_244' title='bbox 824 3467 983 3573; x_wconf 85' lang='lat' dir='ltr'>aliquod</span> <span class='ocrx_word' id='word_1_245' title='bbox 1020 3472 1062 3556; x_wconf 90' lang='lat' dir='ltr'>in</span> <span class='ocrx_word' id='word_1_246' title='bbox 1089 3473 1170 3558; x_wconf 84' lang='lat' dir='ltr'>aliu</span> <span class='ocrx_word' id='word_1_247' title='bbox 1222 3471 1332 3562; x_wconf 76' lang='lat' dir='ltr'>fuisse</span> <span class='ocrx_word' id='word_1_248' title='bbox 1365 3485 1484 3548; x_wconf 80' lang='lat' dir='ltr'>trans·-</span> 
     </span>
    </p>
   </div>
   <div class='ocr_carea' id='block_1_14' title="bbox 42 3597 1493 3692">
    <p class='ocr_par' dir='ltr' id='par_1_14' title="bbox 42 3597 1493 3692">
     <span class='ocr_line' id='line_1_31' title="bbox 42 3597 1493 3692; baseline -0.003 -28"><span class='ocrx_word' id='word_1_249' title='bbox 42 3619 44 3624; x_wconf 96' lang='lat'>·</span> <span class='ocrx_word' id='word_1_250' title='bbox 149 3597 349 3664; x_wconf 81' lang='lat' dir='ltr'>mutatum</span> <span class='ocrx_word' id='word_1_251' title='bbox 1345 3613 1369 3644; x_wconf 49' lang='grc' dir='ltr'>κ</span> <span class='ocrx_word' id='word_1_252' title='bbox 1491 3689 1493 3692; x_wconf 16' lang='lat'>¹</span> 
     </span>
    </p>
   </div>
   <div class='ocr_carea' id='block_1_15' title="bbox 455 3761 1178 4012">
    <p class='ocr_par' dir='ltr' id='par_1_15' title="bbox 455 3761 1178 4012">
     <span class='ocr_line' id='line_1_32' title="bbox 455 3761 1178 3858; baseline -0.014 -1"><span class='ocrx_word' id='word_1_253' title='bbox 455 3761 1040 3858; x_wconf 80' lang='lat' dir='ltr'>PRAELECTIO</span> <span class='ocrx_word' id='word_1_254' title='bbox 1120 3761 1178 3849; x_wconf 90' lang='lat'>11.</span> 
     </span>
     <span class='ocr_line' id='line_1_33' title="bbox 720 3903 915 4012; baseline -0.041 -22"><span class='ocrx_word' id='word_1_255' title='bbox 720 3903 915 4012; x_wconf 82' lang='lat' dir='ltr'>Delgne.</span> 
     </span>
    </p>
   </div>
   <div class='ocr_carea' id='block_1_16' title="bbox 146 4087 1482 4407">
    <p class='ocr_par' dir='ltr' id='par_1_16' title="bbox 146 4087 1482 4407">
     <span class='ocr_line' id='line_1_34' title="bbox 146 4087 1482 4278; baseline -0.012 -90"><span class='ocrx_word' id='word_1_256' title='bbox 146 4105 283 4208; x_wconf 54' lang='lat'>5357.</span> <span class='ocrx_word' id='word_1_257' title='bbox 310 4103 458 4278; x_wconf 78' lang='lat' dir='ltr'>Tot,</span> <span class='ocrx_word' id='word_1_258' title='bbox 481 4110 636 4198; x_wconf 83' lang='lat' dir='ltr'>tamque</span> <span class='ocrx_word' id='word_1_259' title='bbox 660 4091 858 4178; x_wconf 86' lang='lat' dir='ltr'>mirabiles</span> <span class='ocrx_word' id='word_1_260' title='bbox 881 4091 1065 4172; x_wconf 87' lang='lat' dir='ltr'>elementi</span> <span class='ocrx_word' id='word_1_261' title='bbox 1085 4091 1188 4194; x_wconf 89' lang='lat' dir='ltr'>ignis</span> <span class='ocrx_word' id='word_1_262' title='bbox 1202 4087 1482 4212; x_wconf 69' lang='lat' dir='ltr'>sunteffettus,</span> 
     </span>
     <span class='ocr_line' id='line_1_35' title="bbox 363 4193 1482 4407; baseline -0.013 -120"><span class='ocrx_word' id='word_1_263' title='bbox 363 4247 366 4254; x_wconf 96' lang='lat'>·</span> <span class='ocrx_word' id='word_1_264' title='bbox 408 4217 452 4283; x_wconf 86' lang='lat' dir='ltr'>ut</span> <span class='ocrx_word' id='word_1_265' title='bbox 475 4198 662 4302; x_wconf 70' lang='lat' dir='ltr'>pribneps</span> <span class='ocrx_word' id='word_1_266' title='bbox 679 4193 969 4407; x_wconf 41' lang='lat' dir='ltr'>qugdgmmodo</span> <span class='ocrx_word' id='word_1_267' title='bbox 988 4195 1099 4280; x_wconf 82' lang='lat' dir='ltr'>causa</span> <span class='ocrx_word' id='word_1_268' title='bbox 1117 4193 1163 4278; x_wconf 81' lang='lat' dir='ltr'>fit</span> <span class='ocrx_word' id='word_1_269' title='bbox 1189 4221 1482 4395; x_wconf 50' lang='lat' dir='ltr'>omnnffirugjo·</span> 
     </span>
    </p>
   </div>
   <div class='ocr_carea' id='block_1_17' title="bbox 0 0 1896 4952">
    <p class='ocr_par' dir='ltr' id='par_1_17' title="bbox 0 0 1896 4952">
     <span class='ocr_line' id='line_1_36' title="bbox 0 0 1896 4952; baseline 0 0"><span class='ocrx_word' id='word_1_270' title='bbox 0 0 1896 4952; x_wconf 95' lang='lat' dir='ltr'> </span> 
     </span>
    </p>
   </div>
  </div>
 </body>
</html>
