3900 4956
486 485 824 574 Dissunrnrro'l.
852 482 1298 576 neutralium!
1476 521 1544 582 ιι
1729 568 1736 582 .

253 679 548 782 obtinereleges
566 673 762 776 voluerit,
790 695 938 776 easque
960 675 1110 770 caustis
1130 677 1171 760 in
1189 678 1377 760 universo
1396 671 1595 766 existenti«

250 783 322 866 bus
340 775 673 894 promulgaverit,
703 775 845 882 quibus
871 779 1193 884 unumquodque
1222 783 1360 881 jussum
1384 785 1439 881 est
1455 804 1594 885 perpe·-

248 887 327 966 tuis
345 883 590 983 temporibus
608 901 723 978 agere
741 877 1031 990 convenienter
1047 881 1094 960 tid
1114 885 1227 966 suum
1243 883 1366 964 linem
1384 893 1488 988 tcclsfi
1509 893 1591 988 Gap.

248 1003 298 1068 ¹6.
316 1018 351 1066 o.
373 1009 423 1076 25.
476 979 645 1089 Quodsi
668 981 790 1060 menti
812 980 978 1059 Divinae
995 981 1105 1066 secus
1128 1009 1243 1089 agere
1263 986 1481 1068 collibitum
1500 987 1595 1064 suis-

247 1089 328 1190 set,
355 1085 551 1190 pendebat
571 1081 756 1194 equidem
774 1081 878 1162 illius
901 1101 951 1156 ex
967 1082 1151 1182 supremo
1178 1103 1280 1167 nutu
1310 1085 1433 1190 alias,
1462 1088 1597 1166 diver-
1619 1059 1632 1144 i

250 1193 305 1270 sas
336 1213 389 1268 ue
413 1187 458 1264 ab
482 1181 539 1268 his
559 1203 713 1265 naturae
740 1184 847 1282 leges
871 1181 1123 1266 decernere:
1158 1186 1337 1268 obstritta
1368 1191 1424 1268 est
1457 1203 1596 1269 natura

247 1217 469 1392 hisiegibus
485 1313 566 1370 non
589 1288 762 1400 DEU83
792 1285 862 1384 qui
889 1305 981 1362 cum
1007 1287 1052 1364 srt
1076 1311 1146 1402 ens
1174 1292 1292 1390 longe
1319 1287 1517 1370 diversum
1546 1293 1598 1371 ab'

248 1391 456 1490 universo,
488 1401 636 1493 potent
661 1383 962 1465 transcendente
983 1389 1049 1465 sua
1067 1413 1108 1466 vr
1133 1393 1247 1474 talem
1269 1385 1454 1486 effettum
1472 1392 1513 1472 in
1527 1415 1604 1478 re-.

241 1510 344 1574 rum·
368 1506 507 1574 natura
533 1491 827 1586 determinare,
862 1485 933 1588 qui
959 1488 1110 1590 legibus
1135 1491 1409 1572 communibus
1437 1505 1593 1576 naturae

248 1621 330 1675 non
344 1595 602 1694 respondeat,
630 1591 668 1669 δι
689 1589 918 1668 miraculum
940 1588 998 1667 lit.
1052 1596 1198 1695 Neque
1225 1590 1345 1694 igitur
1367 1595 1508 1675 DEUS
1529 1623 1595 1673 na.

249 1711 338 1778 tura
357 1695 428 1794 est,
446 1695 512 1774 sed
529 1687 684 1776 Austor
703 1705 857 1772 naturae
875 1713 887 1789 3
915 1690 1024 1770 unde
1040 1692 1254 1792 rejicienda
1266 1695 1321 1772 est
1335 1713 1460 1776 ,vetus
1475 1698 1604 1782 Scho-,

246 1797 469 1878 lasticorum
487 1791 677 1898 loquendi
694 1793 794 1870 ratio
811 1845 826 1890 ,
854 1815 933 1893 qua
948 1793 1105 1874 DEUM
1116 1803 1273 1874 Naturam
1288 1819 1487 1878 maturantem
1504 1800 1595 1878 vul·

247 1925 297 2006 go
317 1898 553 1996 nominant,
579 1893 843 1996 Eundemque
866 1915 958 1980 cum
983 1919 1099 1970 natura
1122 1919 1294 1995 naturam,
1321 1921 1400 1980 ceu
1418 1899 1591 1998 speciem

246 2001 448 2083 communi
461 1997 616 2079 cuidam
636 1995 771 2096 generi
791 2015 935 2108 nempe
950 2017 1068 2072 natura
1102 1996 1351 2080 substernunt
1371 2030 1383 2098 3
1419 2025 1512 2082 cum
1532 2015 1590 2078 ta-

246 2127 337 2183 men
355 2101 491 2184 eadem
509 2098 601 2177 ellet
619 2097 761 2176 frivola
781 2093 973 2174 distlnffio
992 2119 1136 2175 creatura
1154 2110 1383 2190 maturantis,
1410 2103 1449 2182 δι
1466 2125 1589 2179 creatu-

247 2239 287 2284 ra
304 2227 500 2302 creaturam,
520 2221 613 2302 quae
633 2200 688 2276 est
704 2222 820 2274 natura
836 2207 1015 2274 naturantis
1033 2198 1070 2276 dt
1085 2224 1202 2278 uatum
1220 2227 1388 2282 naturata.
1444 2203 1484 2282 Si
1501 2204 1589 2280 bat·
1643 2267 1645 2273 ,

245 2313 354 2390 harae
370 2327 491 2384 voces
515 2299 747 2400 Philosopho
769 2295 947 2397 indignae
965 2301 1118 2395 semper
1135 2301 1254 2403 sunt,
1282 2303 1350 2382 ubi
1377 2303 1591 2405 suppetunt

247 2405 531 2512 elegantiorem
558 2418 641 2482 tum
661 2423 761 2478 vero
779 2397 937 2497 prorsus
956 2397 1109 2502 iniquae
1125 2403 1277 2484 censeri
1297 2404 1468 2506 debent,
1495 2427 1591 2484 cum

249 2513 567 2618 qualemcunque
593 2505 740 2598 ΠΕΟ,
769 2497 1019 2578 &creaturis
1050 2500 1226 2584 affricant
1243 2510 1588 2587 communionem.
1681 2601 1682 2606 Ν

247 2609 478 2706 Obtendat,
504 2605 574 2710 qui
604 2605 737 2704 volet,
776 2602 898 2702 phrasi
922 2601 1022 2684 -huic
1046 2603 1319 2714 undecunque
1344 2605 1589 2708 praesrdium,

249 2722 294 2798 ab
316 2739 365 2794 eo
385 2719 497 2792 certo
515 2729 714 2812 nunquam
731 2703 1006 2806 impetrabitur
1024 2706 1203 2808 assensus,
1223 2711 1291 2812 qui
1310 2709 1492 2810 sciverit,
1514 2733 1593 2812 qua

248 2845 331 2901 eam
348 2815 553 2894 occafione
567 2807 860 2888 smtscholastici
876 2807 1060 2908 aucupati
1081 2836 1090 2885 ε
1120 2815 1285 2908 Arssasetas
1302 2810 1465 2889 animam
1479 2835 1593 2890 mun-

248 2922 287 3002 di
306 2919 464 3001 DEUM
480 2911 555 2991 elie
573 2908 843 3007 existimavit,'
857 2908 908 2986 ait
937 2916 1077 2984 Clemens
1094 2912 1249 2988 utaxmd.
1267 2913 1420 2988 admouit.
1442 2913 1488 2986 ad
1506 2921 1592 2996 Gau-

246 3031 315 3102 tt'lss
325 3047 395 3125 pag.
411 3041 478 3116 44.
534 3010 647 3088 Idem
663 3007 866 3087 senserunt
885 3008 1004 3086 Stoici
1023 3031 1033 3086 t
1059 3027 1171 3083 rtuaaa
1192 3010 1247 3091 ul.
1266 3037 1304 3112 4.
1325 3013 1363 3087 ds
1381 3015 1488 3114 Bauss.
1511 3029 1589 3113 cap.

246 3151 281 3220 7.
333 3125 424 3224 Qud
440 3119 474 3216 ql
489 3113 580 3190 utut
598 3131 738 3212 natura,
761 3137 858 3214 quam
885 3111 1022 3194 Davo?
1072 3109 1215 3192 Vetuit
1232 3112 1486 3191 scholasticos
1502 3115 1598 3198 relia.

248 3227 312 3326 glo
328 3217 512 3302 nefariam
535 3215 637 3292 hano
653 3207 900 3287 Naturalismi
928 3207 1143 3290 dottrinam
1172 3213 1374 3314 ampletti‚
1400 3226 1445 3292 ut
1460 3227 1603 3298 tamen·

246 3323 567 3422 Philosophorum
592 3327 669 3392 tam
689 3309 955 3409 praestantium
976 3314 1144 3393 vocibus
1165 3327 1407 3412 uterentur,
1434 3317 1593 3398 DEUM

250 3424 412 3532 quidem
433 3433 586 3498 Naturam
597 3412 805 3512 dixerunt,
832 3411 899 3490 sed
914 3437 1115 3492 maturantem
1140 3445 1152 3512 3
1207 3421 1307 3498 Cum
1329 3415 1444 3497 satius
1461 3416 1591 3498 suisset

248 3523 400 3612 Divina
415 3519 572 3602 nomina
594 3537 795 3618 nunquam
815 3535 865 3593 ex
881 3515 1096 3597 Gentilium
1114 3519 1284 3622 vestigiis
1307 3512 1563 3597 comminisci.
1586 3535 1588 3542 ·
1620 3613 1623 3622 Δ

357 3729 435 3809 IV.
462 3718 657 3827 Physicat‘n
674 3717 736 3796 alii
755 3708 935 3796 dividere
958 3711 1085 3798 amant
1108 3717 1149 3798 in
1170 3727 1366 3818 Gmsraltm,
1394 3714 1710 3828 &rustica-pm„
1761 3787 1769 3798 .

245 3815 354 3920 tuam.
405 3829 488 3906 Nos
505 3817 873 3923 eamqntdrisaritm
887 3819 1130 3918 partiemurt
1152 3819 1192 3897 in
1214 3820 1337 3922 prima
1355 3833 1467 3926 parte
1485 3819 1728 3954 attussppffm
1756 3889 1761 3898 .

247 3941 284 4021 ri
303 3935 353 4012 de
371 3929 544 4028 corporibus
562 3937 596 4000 t'rt
611 3925 810 4022 taivalum,
837 3935 956 4024 atque
974 3924 1025 4002 de
1043 3922 1205 4001 attributis
1223 3945 1440 4024 corporum
1454 3957 1588 4034 genasa-

252 4043 360 4132 lihus3
410 4037 456 4112 In
475 4021 643 4108 secunda
670 4023 720 4104 de
746 4031 924 4114 Hismarus,
953 4023 991 4102 ἃ
1015 4021 1220 4124 ψὲἶὶοηίὂω
1238 4031 1481 4126 particularibus
1500 4049 1588 4108 cor·

254 4163 424 4248 porum3
478 4136 526 4211 In
552 4125 668 4208 tertia
685 4124 736 4205 de
764 4137 905 4204 mttttris
922 4181 933 4215 ‚
953 4125 1123 4226 fossilibus,
1144 4131 1288 4228 plantis,
1324 4126 1363 4208 dt
1388 4132 1600 4212 tumulatus,

248 4247 296 4325 In
313 4252 447 4350 quarta
464 4234 620 4318 demum
638 4227 689 4310 de
707 4237 894 4408 Geopulilq
909 4225 947 4304 δι
964 4229 1161 4330 stimuum·
1219 4235 1411 4316 muratas
1419 4231 1592 4338 quidem

911 4349 937 4414 2
1444 4355 1540 4438 pro·
