3900 4956
451 517 502 606 4'8
632 521 636 532 '
850 519 856 532 ‘
973 511 1187 590 socrrorrs
1214 513 1248 590 1.

399 723 488 778 rum
506 694 696 795 probatur
714 721 730 808 a·
754 685 868 774 datur
886 695 1105 798 objeftum,
1134 696 1242 800 quod
1260 695 1452 780 diversam
1467 697 1736 784 diverl'rsocu·

400 801 448 879 lis
465 799 630 903 figuram
643 797 800 876 exlnbet
818 823 830 900 3
857 821 951 900 ergo
968 801 1062 881 illud
1086 823 1226 880 revera
1240 819 1350 879 extra
1367 805 1566 882 hominem
1586 805 1735 908 exiliit3

404 927 538 1004 neque
559 900 662 978 enim
679 921 824 1002 corpus
844 904 956 980 talem
976 919 1040 981 aut
1063 907 1177 982 talem
1194 903 1358 1004 figuram
1386 910 1424 986 in
1446 905 1550 985 omni
1572 909 1740 984 occafto·

405 1029 457 1084 ne
486 1003 681 1104 postulat,
708 1001 773 1080 fed
802 1003 842 1080 in
866 1029 1012 1106 genere
1038 1005 1160 1083 solum
1188 1009 1458 1086 extentionem
1485 1006 1737 1088 materialem.

408 1107 460 1186 Ad
477 1115 535 1184 lV.
563 1107 624 1183 Ex
645 1129 719 1203 eo,
775 1103 855 1183 uod
875 1129 1019 1188 nexum
1039 1103 1142 1186 inter
1162 1129 1335 1208 corpur,
1356 1111 1614 1190 &humanam
1631 1135 1741 1190 men-

409 1225 487 1288 tem
504 1131 845 1305 comprehendere
865 1233 1110 1310 nequeamus
1131 1265 1145 1309 ,
1173 1233 1255 1287 non
1280 1207 1374 1290 licet
1394 1213 1435 1291 in
1454 1207 1569 1291 tantis
1587 1211 1740 1293 intelle-

409 1309 492 1392 {tus
510 1309 631 1424 nostri
649 1309 831 1408 angustiis
851 1311 1095 1428 quotidianae
1113 1308 1375 1429 experientiae
1390 1313 1592 1430 refragari.
1630 1317 1678 1392 Ad
1694 1322 1736 1390 V.

408 1406 664 1494 Doflrllimus
680 1415 818 1507 Bplr'us,
832 1433 902 1514 qur
913 1409 1157 1526 sceptrcrsmo
1176 1409 1401 1508 impellente
1417 1415 1623 1496 certrffrma
1634 1435 1745 1520 quae·

412 1539 491 1632 que
508 1509 605 1590 ultio
623 1533 668 1588 ac
683 1509 822 1588 lucens
839 1515 879 1590 in
898 1511 1061 1595 dublum
1087 1533 1280 1596 revocare
1297 1513 1392 1595 solet
1409 1573 1423 1616 ,
1452 1543 1505 1599 ex
1522 1517 1677 1600 duobus
1696 1511 1742 1592 il-

410 1619 455 1697 lrs
475 1612 676 1696 axiomatis
696 1609 748 1689 f1c
767 1610 887 1716 magis
907 1623 1169 1718 argumentari
1194 1613 1384 1697 debuillet
1404 1649 1413 1695 ε
1440 1621 1618 1700 sensuum
1639 1613 1743 1700 testi-

408 1717 543 1797 monio
561 1731 715 1794 certum
736 1715 810 1818 est,
840 1717 950 1816 quod
968 1741 1136 1818 corpora
1148 1737 1289 1799 revera
1307 1717 1541 1801 sensationes
1558 1721 1740 1817 eliciant3

409 1821 584 1924 igitur&
603 1816 802 1896 existunt:
828 1817 935 1921 atqui
953 1821 1067 1900 Deus
1092 1823 1130 1902 δι
1148 1833 1285 1900 natura
1308 1821 1401 1898 nihil
1420 1822 1562 1901 frustra
1579 1845 1743 1924 operan-

407 1941 497 2022 tur,
524 1945 618 2024 ergo
635 1920 675 1998 in
692 1918 878 2015 praesenti
903 1945 1037 2000 rerum
1064 1923 1207 2003 ordine
1228 1917 1419 2020 prodntta
1448 1947 1619 2024 corpora
1639 1945 1733 2003 oum

405 2026 446 2103 in
466 2025 585 2102 linem
604 2021 826 2120 collimant,
852 2037 896 2100 ut
912 2047 1055 2123 nempe
1073 2049 1146 2125 per
1170 2047 1215 2100 ea
1232 2021 1452 2104 breviffrme
1469 2023 1576 2108 ideae
1592 2023 1741 2127 produ·

408 2143 576 2228 cantur3
606 2121 936 2230 quemadmodum
958 2126 998 2203 in
1012 2123 1197 2230 praesenti
1219 2121 1361 2203 ordine
1378 2129 1461 2205 saxa
1477 2151 1526 2204 ex
1548 2153 1632 2206 uno
1646 2125 1741 2203 loco

404 2228 444 2308 in
464 2227 579 2306 alium
597 2227 857 2328 longinquum
876 2225 1053 2304 citilfrme
1070 2253 1111 2304 v.
1123 2253 1161 2330 g.
1180 2247 1375 2327 equorum
1393 2228 1559 2308 subsrdio
1577 2227 1742 2308 transfe-

400 2345 573 2432 runtur3
602 2331 670 2409 etfr
688 2331 803 2408 Deus
821 2329 954 2408 facere
972 2327 1176 2429 potuillet,
1204 2342 1250 2405 ut
1273 2325 1357 2406 faxa
1373 2333 1574 2430 volarent,
1595 2344 1660 2408 aut
1674 2329 1740 2406 sua

400 2431 542 2531 sponte
565 2445 841 2512 moverentur.
899 2433 953 2509 Ad
968 2439 1028 2508 Vl.
1047 2431 1167 2510 Etiam
1184 2429 1435 2514 vivacilfrmae
1454 2431 1529 2512 ima
1559 2429 1739 2510 'nationis

400 2531 579 2610 homines
596 2533 710 2612 fateri
729 2533 899 2628 debent,
929 2531 1021 2609 dum
1040 2532 1232 2612 rationem
1253 2535 1487 2632 consulunt,
1507 2533 1518 2609 i
1551 2557 1633 2612 eam
1646 2559 1685 2610 v.
1698 2555 1737 2634 g.

402 2633 520 2731 Solis,
539 2632 577 2714 in
590 2634 777 2714 memoria
795 2635 1057 2729 relucentem,
1078 2636 1194 2737 longe
1205 2629 1280 2710 effe
1298 2633 1486 2714 diversam
1507 2637 1552 2715 ab
1572 2632 1738 2730 eaidea,

405 2759 521 2837 quarn
540 2737 708 2837 habent,
725 2735 819 2814 dum
844 2757 986 2813 revera
1002 2735 1119 2841 solem
1136 2736 1357 2817 intuentur.
1412 2737 1645 2818 Advertunt
1657 2731 1734 2812 illi=

404 2839 443 2916 se
460 2863 481 2915 a
497 2838 646 2942 frigore
665 2839 818 2918 intenso
839 2851 905 2916 aut
924 2859 943 2912 a
975 2839 1077 2918 fame
1097 2839 1173 2918 &c
1202 2839 1458 2917 vehementer
1484 2835 1702 2919 excruciari
1722 2857 1735 2924 ς

406 2961 495 3016 cum
509 2957 639 3024 tamen
654 2941 747 3020 inde
763 2939 826 3018 hae
844 2941 952 3020 ideae
970 2955 1116 3019 tantum
1135 2941 1174 3018 in
1194 2939 1384 3018 memoria
1401 2943 1638 3040 excitantur,
1650 2937 1737 3016 nul·

405 3042 442 3117 la
458 3057 562 3120 tanta
577 3039 755 3122 occurrit
771 3042 1030 3140 perturbatio.
1086 3041 1208 3147 Quod
1224 3039 1251 3117 fr
1270 3063 1369 3120 vero
1388 3043 1580 3146 quispiam
1599 3045 1739 3120 harum

409 3143 603 3223 attionurn
632 3147 668 3224 dr
695 3139 871 3221 idearum
898 3141 1199 3222 discerniculum
1225 3145 1379 3221 ratione
1406 3157 1575 3249 nequeat
1597 3142 1740 3240 depre-

411 3243 614 3346 hendere,
643 3245 707 3323 ille
724 3241 885 3340 fhmniam
908 3259 1022 3348 apertis
1049 3251 1145 3319 oculis
1170 3240 1248 3321 dici
1274 3245 1415 3342 debet,
1444 3263 1508 3326 aut
1528 3251 1737 3344 Vrstonarlur,

410 3360 477 3422 aut
493 3347 653 3425 omnino
660 3350 773 3445 stultus
789 3368 801 3436 ς
854 3351 995 3448 Neque
1014 3341 1140 3446 magni
1158 3345 1305 3444 refert,
1326 3345 1421 3448 quid
1443 3343 1737 3428 visronariisbu·

406 3445 652 3550 juscemodi,
672 3445 880 3545 phantafias
906 3471 1030 3528 meras
1051 3445 1389 3548 proponentibus,
1418 3448 1739 3552 respondeatura

405 3547 604 3650 vigilante.
632 3549 683 3630 ait
700 3545 819 3644 Clanff.
837 3559 948 3628 erfus
968 3553 1023 3628 lb.
1046 3577 1081 3648 4.
1099 3551 1136 3624 de
1154 3557 1255 3628 Hum.
1274 3557 1377 3627 fmelf.
1399 3561 1477 3658 Cap.
1502 3583 1540 3629 ιι.
1596 3551 1648 3626 Ad
1657 3553 1733 3626 VII.

404 3657 493 3730 Hoc
511 3655 654 3732 fardello
680 3669 954 3754 argumentum
980 3651 1198 3744 arbitrariae¹
1216 3652 1418 3756 hypothefr
1450 3648 1736 3732 inaedifrcatum

403 3753 548 3832 refutat
565 3753 720 3836 abunde
739 3751 816 3830 sola
833 3751 981 3833 divinae
997 3751 1180 3833 bonitatis
1199 3753 1367 3854 agnitio,
1396 3777 1489 3858 quae
1506 3752 1648 3854 utique
1665 3771 1736 3827 no·

404 3852 478 3929 luit
503 3881 575 3933 nos
595 3871 790 3959 perpetuo
818 3881 838 3932 a
863 3852 1038 3956 malignis
1070 3853 1194 3956 geniis
1222 3851 1444 3960 ludificari3
1501 3853 1607 3960 Quid
1634 3849 1738 3932 enim

403 3957 599 4036 necellum
618 3959 694 4062 est,
719 3956 951 4040 sensationes
969 3981 989 4033 a
1005 3953 1200 4060 spiritibus
1224 3953 1377 4036 incerto
1393 3971 1603 4056 repetere,
1624 3955 1649 4034 fr
1669 3977 1733 4038 eas

400 4061 680 4157 provenientes
706 4059 981 4154 acorporibus
1012 4058 1217 4160 videmus,
1243 4059 1468 4160 palpamus,
1496 4059 1730 4160 praesertim,

401 4181 490 4237 cum
510 4187 589 4243 non
608 4161 653 4240 frt
669 4159 783 4240 nobis
811 4159 984 4241 clarius:
1014 4183 1091 4263 qua
1118 4161 1271 4238 ratione
1300 4181 1490 4242 externus
1515 4159 1670 4260 spiritus
1691 4159 1733 4238 in

399 4262 514 4347 nobis
539 4260 656 4363 poffrt
679 4261 786 4346 ideas
814 4261 1016 4370 excitare,
1044 4285 1159 4370 quam
1188 4287 1349 4370 corpus.
1401 4263 1506 4344 Nihil
1526 4260 1621 4448 liqui
1647 4261 1733 4340 sen·

1586 4385 1681 4449 llum
