3900 4956
416 495 474 588 34
609 519 619 568 ,-
692 491 708 504 “
808 473 1121 558 Prorroorratts
1167 469 1369 558 rursm.

372 655 673 766 praesentatio'a
689 656 810 738 rebus
838 659 1105 742 exterioribus
1131 661 1317 764 provenit
1339 687 1352 764 ς
1378 653 1498 760 ideo,
1524 657 1711 742 asserebat

374 763 577 856 mutunus,
603 758 644 840 in
668 758 899 844 monadibus
926 761 1085 864 concipi
1107 761 1257 844 debere
1280 763 1359 844 uim
1379 759 1585 864 pallrvrm,
1612 783 1708 866 quae

373 861 470 943 nihil
496 859 600 942 aliud
627 861 703 965 sit,
741 887 857 965 quam
892 861 1061 944 diversae
1084 867 1337 946 'evolutiones
1364 865 1403 942 dt
1428 864 1714 962 phaenomena,

374 988 470 1070 quae
487 987 509 1041 e
532 967 715 1043 monadibus
731 967 795 1044 vel
816 965 1011 1066 pluribus,
1031 967 1095 1044 vel
1116 965 1368 1066 paucioribus
1385 963 1593 1044 resultant:
1624 987 1710 1044 om·-

373 1091 463 1146 nem
482 1065 776 1168 generationem
788 1068 981 1168 postulare
997 1093 1141 1146 novam
1161 1068 1434 1151 evolutionem
1451 1089 1706 1172 organorum,

373 1167 679 1269 respondentem
697 1191 805 1248 novo
822 1168 950 1270 statui,
967 1193 1085 1274 quern
1101 1174 1247 1250 monades
1263 1167 1548 1270 repraesentant
1565 1197 1575 1246 r
1603 1193 1709 1246 mor-

374 1277 456 1350 t'em
472 1267 546 1348 else
562 1267 850 1356 involutionem
866 1295 913 1350 rc
931 1269 1230 1353 diminutionem
1249 1293 1490 1376 organorum
1506 1269 1706 1369 corporis,

374 1394 420 1448 ac
439 1371 640 1484 stuporem
656 1373 826 1448 monadum
842 1383 1140 1473 temporaneum
1157 1403 1166 1454 ε
1202 1397 1337 1478 neque
1345 1373 1432 1477 post
1444 1385 1612 1452 mortem
1629 1375 1718 1453 ces-.-

374 1471 458 1552 sare
475 1473 650 1552 viventia
673 1471 866 1574 existere,
895 1495 945 1554 eo
972 1473 1080 1574 quod
1101 1478 1244 1552 monades
1271 1499 1344 1577 per
1367 1499 1489 1556 novas
1507 1473 1706 1554 evolutio-

376 1597 448 1654 nes
467 1577 601 1656 rursus
628 1573 820 1654 senfitivae
843 1573 957 1656 reddi
976 1572 1146 1675 poliunt,
1174 1597 1220 1654 ac
1246 1579 1453 1658 rationales
1469 1581 1547 1658 &c
1603 1580 1713 1678 Quae

377 1689 508 1760 tamen
526 1673 656 1756 omnia
675 1675 713 1754 dr
732 1699 836 1756 nova
853 1676 964 1775 sunt,
985 1674 1024 1752 dc
1039 1677 1294 1758 vehementer
1309 1677 1540 1780 peregrina,
1568 1688 1614 1756 ut
1629 1699 1715 1760 nott

377 1779 575 1860 immerito
591 1777 771 1854 Ludmcr'us
786 1776 979 1893 Pllylicam
994 1773 1042 1854 ad
1059 1777 1226 1858 idealem
1244 1779 1473 1860 methodum
1491 1775 1713 1857 Platonico·

186 1885 197 1906 ⁸
236 1891 238 1896 '
376 1907 466 1970 rum
485 1897 604 1984 atque
624 1877 974 1978 Peripateticorum
990 1880 1216 1982 revocasse,
1242 1881 1349 1980 &pls
1381 1880 1472 1960 sicus
1488 1901 1553 1960 res
1573 1875 1621 1958 ad
1635 1899 1716 1958 maa

374 1983 600 2166 thesmaticas
629 1979 900 2062 abstrablioues
926 1979 1158 2063 transtulille
1184 1983 1232 2060 ab
1261 2005 1334 2062 eru
1365 1979 1523 2062 itilllmis
1539 1979 1637 2063 viris
1655 1977 1718 2062 in·

449 2110 470 2164 e
519 2113 553 2168 r.
1711 2137 1718 2156 .

311 2271 315 2279 ,
376 2111 431 2168 cu
473 2097 607 2268 tiillll.
643 2181 783 2286 Ratio,
818 2207 913 2302 quae
939 2179 1195 2266 acutillimum
1222 2183 1421 2262 leubaldum
1451 2179 1638 2282 induxit,
1665 2191 1720 2264 ub

327 2367 331 2370 .
379 2285 573 2390 assumptis
591 2285 865 2386 simpliciffimrs
882 2289 1074 2370 ,monadibus
1101 2285 1300 2366 materiam
1328 2288 1550 2388 extensam,
1578 2309 1624 2364 ac
1643 2281 1723 2363 nri-⁴

379 2383 484 2492 nima
500 2389 655 2496 physica
669 2388 880 2490 rejiceret,
906 2388 984 2466 suit
1000 2387 1083 2468 talis
1103 2415 1121 2468 τ’
1167 2392 1267 2468 Cum
1286 2385 1392 2468 enim
1416 2391 1542 2470 omnis
1566 2387 1725 2468 reisus·.

379 2487 583 2573 sicientem
607 2488 681 2569 elle
702 2489 851 2568 debere
874 2491 1022 2568 causam
1042 2489 1315 2606 pertenderet,
1335 2489 1373 2566 dr
1391 2505 1715 2602 praeterea'omne

383 2593 641 2694 extensumin
660 2585 857 2670 inlinitum
875 2588 950 2668 elle
977 2591 1168 2672 divisibile
1186 2613 1211 2668 o
1241 2589 1415 2672 inaretur
1433 2621 1445 2687 3
1470 2593 1615 2674 nullam
1632 2613 1717 2667 exr-

355 2697 547 2782 rimavit
574 2691 648 2772 elle
672 2689 928 2774 sufficientem
952 2695 1145 2774 rationem
1162 2717 1195 2770 a
1224 2691 1404 2772 mittendi
1428 2695 1627 2774 materiam
1647 2708 1726 2770 exa:

380 2802 554 2898 tensam,
583 2797 651 2875 seu
667 2791 823 2874 minima
839 2793 992 2901 physica
1010 2820 1083 2898 pro
1110 2818 1244 2876 rerum
1272 2791 1499 2897 principiis,
1527 2819 1623 2900 quse
1641 2815 1732 2870 ma*

380 2901 480 2986 teria
504 2896 675 2979 infinitae
701 2897 865 2996 partium
895 2894 1073 2979 divifioni
1096 2900 1228 2978 locum
1252 2897 1452 2997 praeberet
1476 2922 1489 2996 ς
1534 2903 1644 2980 Cum
1660 2911 1717 2974 ta·

382 3028 475 3085 men
493 2999 625 3102 potius
649 2997 701 3074 src
731 3001 993 3100 argumentari
1019 2999 1241 3082 debuisset:
1277 2997 1479 3078 extensum
1501 2999 1578 3099 est,
1608 2987 1728 3100 quod*

384 3117 513 3208 partes
540 3117 652 3180 extra
667 3113 797 3192 partes
819 3099 963 3194 babet,
989 3103 1026 3180 dr
1054 3103 1135 3182 sine
1161 3099 1220 3178 bis
1245 3099 1420 3199 pertibus
1449 3117 1559 3180 extra
1589 3109 1735 3199 partes:

385 3203 518 3306 positis
537 3199 686 3292 nullum
707 3199 798 3278 ellet
821 3201 1022 3279 extensum
1045 3231 1055 3282 r
1087 3195 1197 3303 atqui
1224 3199 1349 3279 omnis
1371 3223 1437 3284 res
1462 3201 1730 3282 sufficientem

387 3301 586 3386 rationem
605 3299 748 3378 habere
766 3297 885 3378 debet
904 3325 916 3399 ς
943 3299 1117 3402 igitur&
1141 3317 1270 3401 partes
1297 3314 1408 3384 extre
1423 3319 1552 3406 partes
1569 3297 1729 3401 conspie

391 3429 483 3490 cuae
499 3403 545 3481 in
563 3402 682 3482 rebus
703 3402 898 3482 sufficiens
922 3401 1021 3482 ratio
1043 3401 1196 3482 censeri
1222 3404 1368 3484 debent
1426 3404 1535 3507 quod
1564 3401 1730 3485 materia

392 3503 554 3604 extensa
571 3501 726 3601 existat,
756 3526 887 3605 neque
906 3502 1102 3583 necessum
1120 3502 1165 3582 lit
1182 3458 1424 3586 comminisci
1440 3503 1726 3606 simplicissimas

396 3609 651 3713 illasmomdus.
705 3605 880 3684 Nostram
906 3623 1076 3686 mentem
1100 3605 1347 3708 srexponere
1374 3606 1489 3690 liceat
1509 3622 1648 3686 contra
1664 3605 1734 3710 lys·

397 3717 514 3810 stema
530 3709 607 3794 hoc
624 3705 862 3790 Leuluicimum
876 3706 1215 3811 peringeniosum,
1234 3733 1315 3788 non
1333 3705 1498 3790 videtur
1506 3709 1619 3790 nobis
1629 3703 1732 3788 illud

294 3809 298 3817 “
399 3817 454 3900 sat
472 3807 546 3890 elle
562 3809 669 3909 pium
685 3831 730 3886 ac
747 3807 968 3909 religiosum
988 3838 997 3888 ε
1027 3809 1134 3912 quod
1149 3809 1212 3890 hae
1228 3809 1492 3912 quadruplicis
1506 3807 1655 3892 ordinis
1663 3837 1734 3892 moa

400 3917 494 4012 nudes
513 3907 689 4012 eiusdem
701 3927 859 3999 naturae
879 3907 954 3988 elle
974 3907 1176 4012 dicantur,
1204 3909 1242 3992 dt
1261 3909 1422 3994 differre
1440 3927 1589 3994 tantum
1608 3905 1735 4011 gradi*

377 4013 474 4114 'bus
492 4036 538 4092 ac
555 4008 706 4113 modis,
728 4009 837 4116 quod
856 4008 998 4113 utique
1016 4012 1206 4095 creaturis
1231 4011 1493 4097 eternitatem
1509 4015 1608 4092 male
1625 4008 1737 4092 auru

402 4115 502 4206 buit.
531 4211 534 4216 ,
556 4115 701 4194 budicus
719 4127 833 4204 ,certo
853 4137 934 4190 non
957 4113 1149 4193 dubitavit
1162 4113 1364 4196 Leulnu'ciouo
1385 4114 1576 4224 systemati
1592 4111 1737 4220 atheis«.

403 4242 517 4324 upum
545 4214 735 4324 Siratouis
759 4213 1012 4320 Lampsaceni
1038 4214 1288 4322 impingere,
1325 4218 1394 4322 qui
1419 4217 1628 4402 Stratogll}
1650 4213 1737 4330 aliie

1586 4334 1684 4400 tels
