<?xml version="1.0" encoding="UTF-8"?>
<!DOCTYPE html PUBLIC "-//W3C//DTD XHTML 1.0 Transitional//EN"
    "http://www.w3.org/TR/xhtml1/DTD/xhtml1-transitional.dtd">
<html xmlns="http://www.w3.org/1999/xhtml" xml:lang="en" lang="en">
 <head>
  <title>
</title>
<meta http-equiv="Content-Type" content="text/html;charset=utf-8" />
  <meta name='ocr-system' content='tesseract 3.04.00' />
  <meta name='ocr-capabilities' content='ocr_page ocr_carea ocr_par ocr_line ocrx_word'/>
</head>
<body>
  <div class='ocr_page' id='page_1' title='image "./florianidalhami00dalhgoog_0102.png"; bbox 0 0 3878 4958; ppageno 0'>
   <div class='ocr_carea' id='block_1_1' title="bbox 439 535 1254 649">
    <p class='ocr_par' dir='ltr' id='par_1_1' title="bbox 439 535 1254 649">
     <span class='ocr_line' id='line_1_1' title="bbox 439 535 1254 649; baseline 0 -33"><span class='ocrx_word' id='word_1_1' title='bbox 439 545 496 649; x_wconf 74' lang='lat'><strong>98</strong></span> <span class='ocrx_word' id='word_1_2' title='bbox 978 535 1194 618; x_wconf 81' lang='lat' dir='ltr'><strong>srerrorrs</strong></span> <span class='ocrx_word' id='word_1_3' title='bbox 1217 537 1254 618; x_wconf 90' lang='lat' dir='ltr'><strong>I.</strong></span> 
     </span>
    </p>
   </div>
   <div class='ocr_carea' id='block_1_2' title="bbox 297 718 1841 2877">
    <p class='ocr_par' dir='ltr' id='par_1_2' title="bbox 397 718 1841 1648">
     <span class='ocr_line' id='line_1_2' title="bbox 498 718 1746 829; baseline 0 -24"><span class='ocrx_word' id='word_1_4' title='bbox 498 724 569 806; x_wconf 84' lang='lat' dir='ltr'><strong>Ad</strong></span> <span class='ocrx_word' id='word_1_5' title='bbox 585 723 638 804; x_wconf 91' lang='grc' dir='ltr'><strong>Π.</strong></span> <span class='ocrx_word' id='word_1_6' title='bbox 672 718 840 805; x_wconf 80' lang='lat' dir='ltr'><strong>Eaedem</strong></span> <span class='ocrx_word' id='word_1_7' title='bbox 865 719 953 803; x_wconf 90' lang='lat' dir='ltr'><strong>sunt</strong></span> <span class='ocrx_word' id='word_1_8' title='bbox 979 749 1106 829; x_wconf 85' lang='lat' dir='ltr'><strong>prope</strong></span> <span class='ocrx_word' id='word_1_9' title='bbox 1132 727 1169 807; x_wconf 91' lang='lat' dir='ltr'><strong>le</strong></span> <span class='ocrx_word' id='word_1_10' title='bbox 1198 747 1238 804; x_wconf 89' lang='lat' dir='ltr'><strong>es</strong></span> <span class='ocrx_word' id='word_1_11' title='bbox 1260 739 1478 828; x_wconf 87' lang='lat' dir='ltr'><strong>corporum</strong></span> <span class='ocrx_word' id='word_1_12' title='bbox 1506 723 1746 818; x_wconf 80' lang='lat' dir='ltr'><strong>seinvicem</strong></span> 
     </span>
     <span class='ocr_line' id='line_1_3' title="bbox 397 751 1740 934; baseline 0.006 -30"><span class='ocrx_word' id='word_1_13' title='bbox 397 825 710 928; x_wconf 80' lang='lat' dir='ltr'><strong>impellentium,</strong></span> <span class='ocrx_word' id='word_1_14' title='bbox 747 824 841 907; x_wconf 91' lang='lat' dir='ltr'><strong>dum</strong></span> <span class='ocrx_word' id='word_1_15' title='bbox 858 842 1111 931; x_wconf 87' lang='lat' dir='ltr'><strong>reponuntur</strong></span> <span class='ocrx_word' id='word_1_16' title='bbox 1127 751 1197 908; x_wconf 67' lang='lat' dir='ltr'><strong>sud</strong></span> <span class='ocrx_word' id='word_1_17' title='bbox 1214 849 1439 929; x_wconf 88' lang='lat' dir='ltr'><strong>campanam</strong></span> <span class='ocrx_word' id='word_1_18' title='bbox 1462 829 1620 934; x_wconf 82' lang='lat' dir='ltr'><strong>antliae,</strong></span> <span class='ocrx_word' id='word_1_19' title='bbox 1644 851 1740 933; x_wconf 77' lang='lat' dir='ltr'><strong>quae</strong></span> 
     </span>
     <span class='ocr_line' id='line_1_4' title="bbox 398 929 1741 1034; baseline 0.001 -24"><span class='ocrx_word' id='word_1_20' title='bbox 398 929 488 1010; x_wconf 90' lang='lat' dir='ltr'><strong>sunt</strong></span> <span class='ocrx_word' id='word_1_21' title='bbox 515 929 557 1010; x_wconf 88' lang='lat' dir='ltr'><strong>in</strong></span> <span class='ocrx_word' id='word_1_22' title='bbox 576 929 703 1008; x_wconf 86' lang='lat' dir='ltr'><strong>libero</strong></span> <span class='ocrx_word' id='word_1_23' title='bbox 728 937 847 1034; x_wconf 74' lang='lat' dir='ltr'><strong>abre3</strong></span> <span class='ocrx_word' id='word_1_24' title='bbox 872 929 1051 1034; x_wconf 88' lang='lat' dir='ltr'><strong>ideoque</strong></span> <span class='ocrx_word' id='word_1_25' title='bbox 1082 933 1128 1011; x_wconf 85' lang='lat' dir='ltr'><strong>ab</strong></span> <span class='ocrx_word' id='word_1_26' title='bbox 1158 940 1249 1012; x_wconf 76' lang='lat' dir='ltr'><strong>aere</strong></span> <span class='ocrx_word' id='word_1_27' title='bbox 1276 941 1390 1009; x_wconf 75' lang='lat' dir='ltr'><strong>inertia</strong></span> <span class='ocrx_word' id='word_1_28' title='bbox 1415 953 1631 1030; x_wconf 85' lang='lat' dir='ltr'><strong>corporum</strong></span> <span class='ocrx_word' id='word_1_29' title='bbox 1657 953 1741 1011; x_wconf 91' lang='lat' dir='ltr'><strong>non</strong></span> 
     </span>
     <span class='ocr_line' id='line_1_5' title="bbox 398 1029 1742 1140; baseline -0.001 -31"><span class='ocrx_word' id='word_1_30' title='bbox 398 1032 617 1134; x_wconf 88' lang='lat' dir='ltr'><strong>provenit:</strong></span> <span class='ocrx_word' id='word_1_31' title='bbox 645 1033 822 1140; x_wconf 88' lang='lat' dir='ltr'><strong>quamvis</strong></span> <span class='ocrx_word' id='word_1_32' title='bbox 844 1033 925 1134; x_wconf 89' lang='lat' dir='ltr'><strong>ipse</strong></span> <span class='ocrx_word' id='word_1_33' title='bbox 943 1043 1010 1114; x_wconf 77' lang='lat' dir='ltr'><strong>aer</strong></span> <span class='ocrx_word' id='word_1_34' title='bbox 1033 1047 1173 1136; x_wconf 88' lang='lat' dir='ltr'><strong>utpote</strong></span> <span class='ocrx_word' id='word_1_35' title='bbox 1193 1029 1401 1114; x_wconf 86' lang='lat' dir='ltr'><strong>materialis</strong></span> <span class='ocrx_word' id='word_1_36' title='bbox 1429 1035 1546 1112; x_wconf 84' lang='lat' dir='ltr'><strong>etiam</strong></span> <span class='ocrx_word' id='word_1_37' title='bbox 1575 1059 1657 1116; x_wconf 89' lang='lat' dir='ltr'><strong>non</strong></span> <span class='ocrx_word' id='word_1_38' title='bbox 1678 1054 1742 1108; x_wconf 85' lang='lat' dir='ltr'><strong>ca-</strong></span> 
     </span>
     <span class='ocr_line' id='line_1_6' title="bbox 399 1134 1744 1238; baseline 0.001 -27"><span class='ocrx_word' id='word_1_39' title='bbox 399 1147 483 1212; x_wconf 89' lang='lat' dir='ltr'><strong>reat</strong></span> <span class='ocrx_word' id='word_1_40' title='bbox 500 1134 671 1214; x_wconf 81' lang='lat' dir='ltr'><strong>viinmr&#39;ae</strong></span> <span class='ocrx_word' id='word_1_41' title='bbox 686 1159 760 1234; x_wconf 91' lang='lat' dir='ltr'><strong>pro</strong></span> <span class='ocrx_word' id='word_1_42' title='bbox 777 1137 958 1216; x_wconf 85' lang='lat' dir='ltr'><strong>mensura</strong></span> <span class='ocrx_word' id='word_1_43' title='bbox 980 1134 1064 1212; x_wconf 86' lang='lat' dir='ltr'><strong>suae</strong></span> <span class='ocrx_word' id='word_1_44' title='bbox 1090 1137 1284 1218; x_wconf 84' lang='lat' dir='ltr'><strong>materiae.</strong></span> <span class='ocrx_word' id='word_1_45' title='bbox 1336 1139 1436 1216; x_wconf 89' lang='lat' dir='ltr'><strong>Item</strong></span> <span class='ocrx_word' id='word_1_46' title='bbox 1455 1157 1538 1216; x_wconf 88' lang='lat' dir='ltr'><strong>non</strong></span> <span class='ocrx_word' id='word_1_47' title='bbox 1564 1139 1652 1238; x_wconf 91' lang='lat' dir='ltr'><strong>plus</strong></span> <span class='ocrx_word' id='word_1_48' title='bbox 1678 1135 1744 1213; x_wconf 79' lang='lat' dir='ltr'><strong>e‘e‘-</strong></span> 
     </span>
     <span class='ocr_line' id='line_1_7' title="bbox 401 1234 1739 1358; baseline 0.001 -42"><span class='ocrx_word' id='word_1_49' title='bbox 401 1234 456 1316; x_wconf 89' lang='lat' dir='ltr'><strong>ris</strong></span> <span class='ocrx_word' id='word_1_50' title='bbox 475 1237 594 1316; x_wconf 79' lang='lat' dir='ltr'><strong>ambit</strong></span> <span class='ocrx_word' id='word_1_51' title='bbox 610 1237 769 1340; x_wconf 87' lang='lat' dir='ltr'><strong>globum</strong></span> <span class='ocrx_word' id='word_1_52' title='bbox 785 1240 960 1342; x_wconf 90' lang='lat' dir='ltr'><strong>ligneum</strong></span> <span class='ocrx_word' id='word_1_53' title='bbox 988 1239 1107 1318; x_wconf 91' lang='lat' dir='ltr'><strong>unius</strong></span> <span class='ocrx_word' id='word_1_54' title='bbox 1135 1237 1287 1344; x_wconf 82' lang='lat' dir='ltr'><strong>pollicis</strong></span> <span class='ocrx_word' id='word_1_55' title='bbox 1314 1235 1355 1316; x_wconf 89' lang='lat' dir='ltr'><strong>in</strong></span> <span class='ocrx_word' id='word_1_56' title='bbox 1375 1235 1592 1358; x_wconf 74' lang='lat' dir='ltr'><strong>diametro,</strong></span> <span class='ocrx_word' id='word_1_57' title='bbox 1649 1259 1739 1320; x_wconf 89' lang='lat' dir='ltr'><strong>uam</strong></span> 
     </span>
     <span class='ocr_line' id='line_1_8' title="bbox 399 1337 1742 1444; baseline 0.001 -27"><span class='ocrx_word' id='word_1_58' title='bbox 399 1341 560 1441; x_wconf 86' lang='lat' dir='ltr'><strong>globum</strong></span> <span class='ocrx_word' id='word_1_59' title='bbox 577 1363 769 1444; x_wconf 87' lang='lat' dir='ltr'><strong>aureum,</strong></span> <span class='ocrx_word' id='word_1_60' title='bbox 787 1337 1057 1442; x_wconf 84' lang='lat' dir='ltr'><strong>magnitudine</strong></span> <span class='ocrx_word' id='word_1_61' title='bbox 1073 1343 1229 1442; x_wconf 85' lang='lat' dir='ltr'><strong>prorsus</strong></span> <span class='ocrx_word' id='word_1_62' title='bbox 1250 1341 1443 1442; x_wconf 86' lang='lat' dir='ltr'><strong>aequalem</strong></span> <span class='ocrx_word' id='word_1_63' title='bbox 1457 1339 1606 1444; x_wconf 80' lang='lat' dir='ltr'><strong>priori,</strong></span> <span class='ocrx_word' id='word_1_64' title='bbox 1624 1429 1629 1440; x_wconf 52' lang='grc'>,</span> <span class='ocrx_word' id='word_1_65' title='bbox 1684 1357 1742 1420; x_wconf 84' lang='lat' dir='ltr'><strong>ta-</strong></span> 
     </span>
     <span class='ocr_line' id='line_1_9' title="bbox 399 1443 1739 1548; baseline 0.003 -28"><span class='ocrx_word' id='word_1_66' title='bbox 399 1465 491 1521; x_wconf 88' lang='lat' dir='ltr'><strong>men</strong></span> <span class='ocrx_word' id='word_1_67' title='bbox 504 1446 591 1544; x_wconf 90' lang='lat' dir='ltr'><strong>plus</strong></span> <span class='ocrx_word' id='word_1_68' title='bbox 607 1443 743 1526; x_wconf 86' lang='lat' dir='ltr'><strong>relillit</strong></span> <span class='ocrx_word' id='word_1_69' title='bbox 760 1463 927 1526; x_wconf 87' lang='lat' dir='ltr'><strong>externo</strong></span> <span class='ocrx_word' id='word_1_70' title='bbox 941 1443 1073 1544; x_wconf 86' lang='lat' dir='ltr'><strong>egenti</strong></span> <span class='ocrx_word' id='word_1_71' title='bbox 1088 1445 1227 1548; x_wconf 91' lang='lat' dir='ltr'><strong>globus</strong></span> <span class='ocrx_word' id='word_1_72' title='bbox 1242 1453 1409 1546; x_wconf 82' lang='lat' dir='ltr'><strong>aureus,</strong></span> <span class='ocrx_word' id='word_1_73' title='bbox 1431 1464 1547 1548; x_wconf 83' lang='lat' dir='ltr'><strong>quam</strong></span> <span class='ocrx_word' id='word_1_74' title='bbox 1567 1443 1739 1547; x_wconf 86' lang='lat' dir='ltr'><strong>ligneus,</strong></span> 
     </span>
     <span class='ocr_line' id='line_1_10' title="bbox 400 1544 1841 1648; baseline 0.002 -26"><span class='ocrx_word' id='word_1_75' title='bbox 400 1544 515 1646; x_wconf 89' lang='lat' dir='ltr'><strong>cujus</strong></span> <span class='ocrx_word' id='word_1_76' title='bbox 538 1547 669 1628; x_wconf 86' lang='lat' dir='ltr'><strong>rursus</strong></span> <span class='ocrx_word' id='word_1_77' title='bbox 695 1546 805 1626; x_wconf 86' lang='lat' dir='ltr'><strong>causa</strong></span> <span class='ocrx_word' id='word_1_78' title='bbox 823 1554 890 1627; x_wconf 76' lang='lat' dir='ltr'><strong>aer</strong></span> <span class='ocrx_word' id='word_1_79' title='bbox 911 1545 987 1626; x_wconf 85' lang='lat' dir='ltr'><strong>esse</strong></span> <span class='ocrx_word' id='word_1_80' title='bbox 1005 1569 1085 1627; x_wconf 87' lang='lat' dir='ltr'><strong>non</strong></span> <span class='ocrx_word' id='word_1_81' title='bbox 1101 1547 1241 1648; x_wconf 90' lang='lat' dir='ltr'><strong>potest.</strong></span> <span class='ocrx_word' id='word_1_82' title='bbox 1838 1553 1841 1558; x_wconf 86' lang='lat'>&#39;</span> 
     </span>
    </p>

    <p class='ocr_par' dir='ltr' id='par_1_3' title="bbox 297 1645 1742 2877">
     <span class='ocr_line' id='line_1_11' title="bbox 501 1645 1741 1754; baseline -0.006 -21"><span class='ocrx_word' id='word_1_83' title='bbox 501 1649 570 1733; x_wconf 85' lang='lat' dir='ltr'><strong>Ad</strong></span> <span class='ocrx_word' id='word_1_84' title='bbox 583 1651 659 1730; x_wconf 89' lang='lat' dir='ltr'><strong>III.</strong></span> <span class='ocrx_word' id='word_1_85' title='bbox 686 1651 781 1733; x_wconf 88' lang='lat' dir='ltr'><strong>Vim</strong></span> <span class='ocrx_word' id='word_1_86' title='bbox 805 1647 1003 1754; x_wconf 86' lang='lat' dir='ltr'><strong>gravitatis</strong></span> <span class='ocrx_word' id='word_1_87' title='bbox 1034 1675 1118 1730; x_wconf 91' lang='lat' dir='ltr'><strong>non</strong></span> <span class='ocrx_word' id='word_1_88' title='bbox 1143 1649 1219 1730; x_wconf 84' lang='lat' dir='ltr'><strong>elle</strong></span> <span class='ocrx_word' id='word_1_89' title='bbox 1242 1645 1408 1727; x_wconf 81' lang='lat' dir='ltr'><strong>eandem</strong></span> <span class='ocrx_word' id='word_1_90' title='bbox 1437 1667 1527 1727; x_wconf 91' lang='lat' dir='ltr'><strong>cum</strong></span> <span class='ocrx_word' id='word_1_91' title='bbox 1555 1645 1596 1728; x_wconf 79' lang='lat' dir='ltr'><strong>vi</strong></span> <span class='ocrx_word' id='word_1_92' title='bbox 1621 1659 1741 1726; x_wconf 68' lang='lat' dir='ltr'><strong>inmte</strong></span> 
     </span>
     <span class='ocr_line' id='line_1_12' title="bbox 402 1748 1741 1856; baseline -0.005 -21"><span class='ocrx_word' id='word_1_93' title='bbox 402 1751 550 1836; x_wconf 84' lang='lat' dir='ltr'><strong>exinde</strong></span> <span class='ocrx_word' id='word_1_94' title='bbox 567 1751 725 1851; x_wconf 90' lang='lat' dir='ltr'><strong>elucet,</strong></span> <span class='ocrx_word' id='word_1_95' title='bbox 755 1753 864 1856; x_wconf 86' lang='lat' dir='ltr'><strong>quod</strong></span> <span class='ocrx_word' id='word_1_96' title='bbox 884 1751 944 1830; x_wconf 90' lang='lat' dir='ltr'><strong>vis</strong></span> <span class='ocrx_word' id='word_1_97' title='bbox 967 1751 1165 1853; x_wconf 86' lang='lat' dir='ltr'><strong>gravitatis</strong></span> <span class='ocrx_word' id='word_1_98' title='bbox 1185 1753 1341 1852; x_wconf 85' lang='lat' dir='ltr'><strong>semper</strong></span> <span class='ocrx_word' id='word_1_99' title='bbox 1365 1753 1443 1854; x_wconf 78' lang='lat' dir='ltr'><strong>agit</strong></span> <span class='ocrx_word' id='word_1_100' title='bbox 1460 1748 1639 1830; x_wconf 77' lang='lat' dir='ltr'><strong>verticuli</strong></span> <span class='ocrx_word' id='word_1_101' title='bbox 1656 1773 1741 1828; x_wconf 90' lang='lat' dir='ltr'><strong>mo-</strong></span> 
     </span>
     <span class='ocr_line' id='line_1_13' title="bbox 399 1850 1741 1959; baseline -0.006 -23"><span class='ocrx_word' id='word_1_102' title='bbox 399 1871 447 1936; x_wconf 90' lang='lat' dir='ltr'><strong>tu</strong></span> <span class='ocrx_word' id='word_1_103' title='bbox 466 1856 501 1959; x_wconf 72' lang='lat' dir='ltr'><strong>b.</strong></span> <span class='ocrx_word' id='word_1_104' title='bbox 523 1875 617 1956; x_wconf 82' lang='lat'><em>1313</em></span> <span class='ocrx_word' id='word_1_105' title='bbox 644 1869 682 1934; x_wconf 90' lang='lat' dir='ltr'><strong>at</strong></span> <span class='ocrx_word' id='word_1_106' title='bbox 699 1851 761 1933; x_wconf 92' lang='lat' dir='ltr'><strong>vis</strong></span> <span class='ocrx_word' id='word_1_107' title='bbox 778 1867 893 1935; x_wconf 80' lang='lat' dir='ltr'><strong>tnertr&#39;ae</strong></span> <span class='ocrx_word' id='word_1_108' title='bbox 907 1877 1064 1936; x_wconf 90' lang='lat' dir='ltr'><strong>omnem</strong></span> <span class='ocrx_word' id='word_1_109' title='bbox 1079 1869 1232 1934; x_wconf 91' lang='lat' dir='ltr'><strong>motum</strong></span> <span class='ocrx_word' id='word_1_110' title='bbox 1249 1853 1618 1959; x_wconf 86' lang='lat' dir='ltr'><strong>quomodocunque</strong></span> <span class='ocrx_word' id='word_1_111' title='bbox 1637 1850 1741 1930; x_wconf 88' lang='lat' dir='ltr'><strong>dire-</strong></span> 
     </span>
     <span class='ocr_line' id='line_1_14' title="bbox 399 1953 1741 2062; baseline -0.007 -21"><span class='ocrx_word' id='word_1_112' title='bbox 399 1960 510 2041; x_wconf 63' lang='lat' dir='ltr'><strong>ctum</strong></span> <span class='ocrx_word' id='word_1_113' title='bbox 530 1955 692 2058; x_wconf 87' lang='lat' dir='ltr'><strong>excipit.</strong></span> <span class='ocrx_word' id='word_1_114' title='bbox 746 1956 797 2039; x_wconf 81' lang='lat' dir='ltr'><strong>sit</strong></span> <span class='ocrx_word' id='word_1_115' title='bbox 814 1960 954 2062; x_wconf 91' lang='lat' dir='ltr'><strong>globus</strong></span> <span class='ocrx_word' id='word_1_116' title='bbox 973 1963 1003 2036; x_wconf 91' lang='lat' dir='ltr'><strong>B</strong></span> <span class='ocrx_word' id='word_1_117' title='bbox 1023 1984 1073 2037; x_wconf 85' lang='lat' dir='ltr'><strong>ex</strong></span> <span class='ocrx_word' id='word_1_118' title='bbox 1088 1959 1201 2036; x_wconf 91' lang='lat' dir='ltr'><strong>clavo</strong></span> <span class='ocrx_word' id='word_1_119' title='bbox 1213 1963 1254 2037; x_wconf 88' lang='lat' dir='ltr'>A</span> <span class='ocrx_word' id='word_1_120' title='bbox 1271 1955 1484 2057; x_wconf 76' lang='lat' dir='ltr'><strong>suspensuS,</strong></span> <span class='ocrx_word' id='word_1_121' title='bbox 1504 1979 1624 2055; x_wconf 86' lang='lat' dir='ltr'><strong>penes</strong></span> <span class='ocrx_word' id='word_1_122' title='bbox 1633 1953 1741 2035; x_wconf 91' lang='lat' dir='ltr'><strong>hunc</strong></span> 
     </span>
     <span class='ocr_line' id='line_1_15' title="bbox 406 2056 1739 2162; baseline -0.002 -23"><span class='ocrx_word' id='word_1_123' title='bbox 406 2059 566 2162; x_wconf 92' lang='lat' dir='ltr'><strong>globum</strong></span> <span class='ocrx_word' id='word_1_124' title='bbox 595 2063 625 2136; x_wconf 93' lang='lat' dir='ltr'><strong>B</strong></span> <span class='ocrx_word' id='word_1_125' title='bbox 645 2061 866 2161; x_wconf 84' lang='lat' dir='ltr'><strong>applicetur</strong></span> <span class='ocrx_word' id='word_1_126' title='bbox 891 2059 1028 2161; x_wconf 87' lang='lat' dir='ltr'><strong>regula</strong></span> <span class='ocrx_word' id='word_1_127' title='bbox 1046 2064 1107 2156; x_wconf 81' lang='lat' dir='ltr'><strong>C3</strong></span> <span class='ocrx_word' id='word_1_128' title='bbox 1132 2059 1162 2137; x_wconf 85' lang='lat' dir='ltr'><strong>fi</strong></span> <span class='ocrx_word' id='word_1_129' title='bbox 1185 2057 1261 2158; x_wconf 84' lang='lat' dir='ltr'><strong>jam</strong></span> <span class='ocrx_word' id='word_1_130' title='bbox 1283 2081 1360 2156; x_wconf 87' lang='lat' dir='ltr'><strong>ope</strong></span> <span class='ocrx_word' id='word_1_131' title='bbox 1376 2061 1529 2158; x_wconf 80' lang='lat' dir='ltr'><strong>regulae</strong></span> <span class='ocrx_word' id='word_1_132' title='bbox 1548 2061 1581 2137; x_wconf 87' lang='lat' dir='ltr'>C</span> <span class='ocrx_word' id='word_1_133' title='bbox 1599 2056 1739 2160; x_wconf 87' lang='lat' dir='ltr'><strong>globus</strong></span> 
     </span>
     <span class='ocr_line' id='line_1_16' title="bbox 403 2157 1738 2272; baseline 0 -32"><span class='ocrx_word' id='word_1_134' title='bbox 403 2165 434 2240; x_wconf 93' lang='lat' dir='ltr'><strong>B</strong></span> <span class='ocrx_word' id='word_1_135' title='bbox 453 2177 565 2240; x_wconf 92' lang='lat' dir='ltr'><strong>motu</strong></span> <span class='ocrx_word' id='word_1_136' title='bbox 584 2160 767 2242; x_wconf 87' lang='lat' dir='ltr'><strong>circulari</strong></span> <span class='ocrx_word' id='word_1_137' title='bbox 784 2163 982 2246; x_wconf 87' lang='lat' dir='ltr'><strong>attollatur</strong></span> <span class='ocrx_word' id='word_1_138' title='bbox 1007 2160 1049 2240; x_wconf 92' lang='lat' dir='ltr'><strong>in</strong></span> <span class='ocrx_word' id='word_1_139' title='bbox 1073 2161 1140 2260; x_wconf 88' lang='lat' dir='ltr'><strong>D,</strong></span> <span class='ocrx_word' id='word_1_140' title='bbox 1168 2159 1360 2240; x_wconf 87' lang='lat' dir='ltr'><strong>sentietur</strong></span> <span class='ocrx_word' id='word_1_141' title='bbox 1375 2157 1543 2264; x_wconf 86' lang='lat' dir='ltr'><strong>gravitas</strong></span> <span class='ocrx_word' id='word_1_142' title='bbox 1567 2157 1673 2272; x_wconf 88' lang='lat' dir='ltr'><strong>globi</strong></span> <span class='ocrx_word' id='word_1_143' title='bbox 1689 2165 1738 2261; x_wconf 87' lang='lat' dir='ltr'><strong>B,</strong></span> 
     </span>
     <span class='ocr_line' id='line_1_17' title="bbox 297 2259 1739 2368; baseline -0.003 -25"><span class='ocrx_word' id='word_1_144' title='bbox 297 2340 305 2354; x_wconf 71' lang='grc'><strong>,</strong></span> <span class='ocrx_word' id='word_1_145' title='bbox 401 2263 664 2348; x_wconf 88' lang='lat' dir='ltr'><strong>incumbentis</strong></span> <span class='ocrx_word' id='word_1_146' title='bbox 682 2266 801 2368; x_wconf 90' lang='lat' dir='ltr'><strong>super</strong></span> <span class='ocrx_word' id='word_1_147' title='bbox 823 2265 958 2366; x_wconf 88' lang='lat' dir='ltr'><strong>regula</strong></span> <span class='ocrx_word' id='word_1_148' title='bbox 984 2267 1040 2361; x_wconf 90' lang='lat' dir='ltr'><strong>C,</strong></span> <span class='ocrx_word' id='word_1_149' title='bbox 1070 2285 1165 2365; x_wconf 87' lang='lat' dir='ltr'><strong>quae</strong></span> <span class='ocrx_word' id='word_1_150' title='bbox 1189 2261 1356 2364; x_wconf 82' lang='lat' dir='ltr'><strong>gravitas</strong></span> <span class='ocrx_word' id='word_1_151' title='bbox 1381 2285 1463 2341; x_wconf 90' lang='lat' dir='ltr'><strong>non</strong></span> <span class='ocrx_word' id='word_1_152' title='bbox 1483 2259 1739 2362; x_wconf 77' lang='lat' dir='ltr'><strong>sentiebatur,</strong></span> 
     </span>
     <span class='ocr_line' id='line_1_18' title="bbox 402 2361 1741 2467; baseline -0.004 -21"><span class='ocrx_word' id='word_1_153' title='bbox 402 2369 494 2446; x_wconf 86' lang='lat' dir='ltr'><strong>cum</strong></span> <span class='ocrx_word' id='word_1_154' title='bbox 513 2369 651 2467; x_wconf 89' lang='lat' dir='ltr'><strong>regula</strong></span> <span class='ocrx_word' id='word_1_155' title='bbox 668 2367 823 2446; x_wconf 85' lang='lat' dir='ltr'><strong>Chone</strong></span> <span class='ocrx_word' id='word_1_156' title='bbox 863 2367 998 2442; x_wconf 91' lang='lat' dir='ltr'><strong>lobum</strong></span> <span class='ocrx_word' id='word_1_157' title='bbox 1014 2363 1142 2460; x_wconf 89' lang='lat' dir='ltr'><strong>primo</strong></span> <span class='ocrx_word' id='word_1_158' title='bbox 1162 2363 1203 2442; x_wconf 89' lang='lat' dir='ltr'><strong>in</strong></span> <span class='ocrx_word' id='word_1_159' title='bbox 1221 2361 1460 2464; x_wconf 87' lang='lat' dir='ltr'><strong>Fcontigit,</strong></span> <span class='ocrx_word' id='word_1_160' title='bbox 1489 2383 1666 2462; x_wconf 89' lang='lat' dir='ltr'><strong>eumque</strong></span> <span class='ocrx_word' id='word_1_161' title='bbox 1683 2367 1741 2443; x_wconf 93' lang='lat' dir='ltr'><strong>lo-</strong></span> 
     </span>
     <span class='ocr_line' id='line_1_19' title="bbox 404 2463 1742 2567; baseline 0.002 -23"><span class='ocrx_word' id='word_1_162' title='bbox 404 2490 454 2567; x_wconf 69' lang='lat' dir='ltr'><strong>po</strong></span> <span class='ocrx_word' id='word_1_163' title='bbox 471 2469 541 2545; x_wconf 91' lang='lat' dir='ltr'><strong>suo</strong></span> <span class='ocrx_word' id='word_1_164' title='bbox 558 2465 805 2547; x_wconf 87' lang='lat' dir='ltr'><strong>circulariter</strong></span> <span class='ocrx_word' id='word_1_165' title='bbox 852 2467 990 2547; x_wconf 85' lang='lat' dir='ltr'><strong>imovit</strong></span> <span class='ocrx_word' id='word_1_166' title='bbox 1006 2495 1018 2564; x_wconf 82' lang='lat'>3</span> <span class='ocrx_word' id='word_1_167' title='bbox 1053 2477 1179 2543; x_wconf 92' lang='lat' dir='ltr'><strong>totum</strong></span> <span class='ocrx_word' id='word_1_168' title='bbox 1197 2489 1298 2546; x_wconf 88' lang='lat' dir='ltr'><strong>vero</strong></span> <span class='ocrx_word' id='word_1_169' title='bbox 1315 2465 1422 2566; x_wconf 91' lang='lat' dir='ltr'><strong>globi</strong></span> <span class='ocrx_word' id='word_1_170' title='bbox 1444 2467 1473 2540; x_wconf 89' lang='lat' dir='ltr'>B</span> <span class='ocrx_word' id='word_1_171' title='bbox 1491 2463 1648 2562; x_wconf 87' lang='lat' dir='ltr'><strong>pondus</strong></span> <span class='ocrx_word' id='word_1_172' title='bbox 1659 2467 1742 2546; x_wconf 92' lang='lat' dir='ltr'><strong>sen·</strong></span> 
     </span>
     <span class='ocr_line' id='line_1_20' title="bbox 404 2565 1742 2669; baseline -0.001 -23"><span class='ocrx_word' id='word_1_173' title='bbox 404 2567 551 2669; x_wconf 89' lang='lat' dir='ltr'><strong>tietur,</strong></span> <span class='ocrx_word' id='word_1_174' title='bbox 577 2589 669 2647; x_wconf 88' lang='lat' dir='ltr'><strong>cum</strong></span> <span class='ocrx_word' id='word_1_175' title='bbox 686 2566 728 2647; x_wconf 92' lang='lat' dir='ltr'><strong>in</strong></span> <span class='ocrx_word' id='word_1_176' title='bbox 743 2567 779 2645; x_wconf 85' lang='lat' dir='ltr'>E</span> <span class='ocrx_word' id='word_1_177' title='bbox 793 2571 1000 2648; x_wconf 86' lang='lat' dir='ltr'><strong>translatus</strong></span> <span class='ocrx_word' id='word_1_178' title='bbox 1018 2565 1131 2646; x_wconf 89' lang='lat' dir='ltr'><strong>srtum</strong></span> <span class='ocrx_word' id='word_1_179' title='bbox 1153 2565 1438 2648; x_wconf 84' lang='lat' dir='ltr'><strong>horizontalem</strong></span> <span class='ocrx_word' id='word_1_180' title='bbox 1458 2587 1549 2645; x_wconf 91' lang='lat' dir='ltr'><strong>cum</strong></span> <span class='ocrx_word' id='word_1_181' title='bbox 1572 2565 1684 2645; x_wconf 89' lang='lat' dir='ltr'><strong>clavo</strong></span> <span class='ocrx_word' id='word_1_182' title='bbox 1699 2571 1742 2648; x_wconf 80' lang='grc' dir='ltr'><strong>Α</strong></span> 
     </span>
     <span class='ocr_line' id='line_1_21' title="bbox 403 2665 1741 2775; baseline -0.001 -26"><span class='ocrx_word' id='word_1_183' title='bbox 403 2669 583 2753; x_wconf 89' lang='lat' dir='ltr'><strong>tenuerit</strong></span> <span class='ocrx_word' id='word_1_184' title='bbox 601 2699 614 2774; x_wconf 81' lang='lat'>3</span> <span class='ocrx_word' id='word_1_185' title='bbox 641 2670 761 2775; x_wconf 89' lang='lat' dir='ltr'><strong>igitur</strong></span> <span class='ocrx_word' id='word_1_186' title='bbox 779 2695 872 2750; x_wconf 91' lang='lat' dir='ltr'><strong>cum</strong></span> <span class='ocrx_word' id='word_1_187' title='bbox 892 2669 932 2752; x_wconf 90' lang='lat' dir='ltr'><strong>in</strong></span> <span class='ocrx_word' id='word_1_188' title='bbox 948 2671 1040 2748; x_wconf 90' lang='lat' dir='ltr'><strong>loco</strong></span> <span class='ocrx_word' id='word_1_189' title='bbox 1058 2671 1091 2748; x_wconf 82' lang='lat' dir='ltr'>F</span> <span class='ocrx_word' id='word_1_190' title='bbox 1112 2669 1279 2771; x_wconf 88' lang='lat' dir='ltr'><strong>gravitas</strong></span> <span class='ocrx_word' id='word_1_191' title='bbox 1299 2667 1465 2771; x_wconf 85' lang='lat' dir='ltr'><strong>suspensi</strong></span> <span class='ocrx_word' id='word_1_192' title='bbox 1488 2665 1593 2770; x_wconf 90' lang='lat' dir='ltr'><strong>globi</strong></span> <span class='ocrx_word' id='word_1_193' title='bbox 1609 2671 1640 2745; x_wconf 88' lang='lat' dir='ltr'>B</span> <span class='ocrx_word' id='word_1_194' title='bbox 1658 2693 1741 2748; x_wconf 90' lang='lat' dir='ltr'><strong>non</strong></span> 
     </span>
     <span class='ocr_line' id='line_1_22' title="bbox 405 2769 1741 2877; baseline -0.005 -23"><span class='ocrx_word' id='word_1_195' title='bbox 405 2773 597 2854; x_wconf 86' lang='lat' dir='ltr'><strong>sentiatur</strong></span> <span class='ocrx_word' id='word_1_196' title='bbox 618 2801 640 2854; x_wconf 91' lang='lat' dir='ltr'><strong>a</strong></span> <span class='ocrx_word' id='word_1_197' title='bbox 660 2789 825 2854; x_wconf 89' lang='lat' dir='ltr'><strong>tenente</strong></span> <span class='ocrx_word' id='word_1_198' title='bbox 851 2773 1026 2877; x_wconf 88' lang='lat' dir='ltr'><strong>regulam</strong></span> <span class='ocrx_word' id='word_1_199' title='bbox 1051 2775 1107 2869; x_wconf 89' lang='lat' dir='ltr'><strong>C,</strong></span> <span class='ocrx_word' id='word_1_200' title='bbox 1135 2772 1195 2850; x_wconf 89' lang='lat' dir='ltr'><strong>vis</strong></span> <span class='ocrx_word' id='word_1_201' title='bbox 1219 2787 1349 2850; x_wconf 89' lang='lat' dir='ltr'><strong>tamen</strong></span> <span class='ocrx_word' id='word_1_202' title='bbox 1376 2769 1550 2851; x_wconf 89' lang='lat' dir='ltr'><strong>adhiberi</strong></span> <span class='ocrx_word' id='word_1_203' title='bbox 1576 2769 1741 2871; x_wconf 88' lang='lat' dir='ltr'><strong>debeat,</strong></span> 
     </span>
    </p>
   </div>
   <div class='ocr_carea' id='block_1_3' title="bbox 366 2871 1746 3392">
    <p class='ocr_par' dir='ltr' id='par_1_4' title="bbox 366 2871 1746 3181">
     <span class='ocr_line' id='line_1_23' title="bbox 405 2871 1741 2986; baseline -0.004 -32"><span class='ocrx_word' id='word_1_204' title='bbox 405 2889 451 2954; x_wconf 88' lang='lat' dir='ltr'><strong>ut</strong></span> <span class='ocrx_word' id='word_1_205' title='bbox 469 2879 607 2980; x_wconf 88' lang='lat' dir='ltr'><strong>globus</strong></span> <span class='ocrx_word' id='word_1_206' title='bbox 630 2884 661 2958; x_wconf 93' lang='lat' dir='ltr'><strong>B</strong></span> <span class='ocrx_word' id='word_1_207' title='bbox 687 2873 857 2978; x_wconf 89' lang='lat' dir='ltr'><strong>primum</strong></span> <span class='ocrx_word' id='word_1_208' title='bbox 884 2879 975 2955; x_wconf 92' lang='lat' dir='ltr'><strong>loco</strong></span> <span class='ocrx_word' id='word_1_209' title='bbox 999 2873 1069 2952; x_wconf 91' lang='lat' dir='ltr'><strong>suo</strong></span> <span class='ocrx_word' id='word_1_210' title='bbox 1097 2871 1371 2972; x_wconf 80' lang='lat' dir='ltr'><strong>dimoveatur,</strong></span> <span class='ocrx_word' id='word_1_211' title='bbox 1401 2886 1632 2974; x_wconf 89' lang='lat' dir='ltr'><strong>argumento</strong></span> <span class='ocrx_word' id='word_1_212' title='bbox 1655 2873 1741 2986; x_wconf 61' lang='lat' dir='ltr'><strong>est}</strong></span> 
     </span>
     <span class='ocr_line' id='line_1_24' title="bbox 405 2975 1746 3078; baseline -0.001 -25"><span class='ocrx_word' id='word_1_213' title='bbox 405 2976 487 3078; x_wconf 66' lang='lat' dir='ltr'><strong>eim</strong></span> <span class='ocrx_word' id='word_1_214' title='bbox 508 2981 606 3060; x_wconf 88' lang='lat' dir='ltr'><strong>hanc</strong></span> <span class='ocrx_word' id='word_1_215' title='bbox 633 2978 808 3078; x_wconf 90' lang='lat' dir='ltr'><strong>impendi</strong></span> <span class='ocrx_word' id='word_1_216' title='bbox 827 2975 974 3058; x_wconf 90' lang='lat' dir='ltr'><strong>debere</strong></span> <span class='ocrx_word' id='word_1_217' title='bbox 999 2991 1140 3056; x_wconf 88' lang='lat' dir='ltr'><strong>contra</strong></span> <span class='ocrx_word' id='word_1_218' title='bbox 1165 2989 1338 3078; x_wconf 68' lang='lat' dir='ltr'><strong>tamum,</strong></span> <span class='ocrx_word' id='word_1_219' title='bbox 1364 3003 1447 3058; x_wconf 90' lang='lat' dir='ltr'><strong>non</strong></span> <span class='ocrx_word' id='word_1_220' title='bbox 1464 2985 1603 3057; x_wconf 82' lang='lat' dir='ltr'><strong>contra</strong></span> <span class='ocrx_word' id='word_1_221' title='bbox 1619 2997 1746 3078; x_wconf 82' lang='lat' dir='ltr'><strong>gravt-</strong></span> 
     </span>
     <span class='ocr_line' id='line_1_25' title="bbox 366 3077 1542 3181; baseline 0.003 -29"><span class='ocrx_word' id='word_1_222' title='bbox 366 3143 369 3152; x_wconf 93' lang='lat'><em>.</em></span> <span class='ocrx_word' id='word_1_223' title='bbox 404 3091 549 3181; x_wconf 84' lang='lat' dir='ltr'><strong>tatem,</strong></span> <span class='ocrx_word' id='word_1_224' title='bbox 576 3079 670 3160; x_wconf 88' lang='lat' dir='ltr'><strong>ideo</strong></span> <span class='ocrx_word' id='word_1_225' title='bbox 702 3106 755 3160; x_wconf 88' lang='lat' dir='ltr'><strong>ue</strong></span> <span class='ocrx_word' id='word_1_226' title='bbox 778 3081 1008 3180; x_wconf 87' lang='lat' dir='ltr'><strong>gravitatem</strong></span> <span class='ocrx_word' id='word_1_227' title='bbox 1026 3079 1071 3154; x_wconf 85' lang='lat' dir='ltr'><strong>ab</strong></span> <span class='ocrx_word' id='word_1_228' title='bbox 1092 3079 1298 3159; x_wconf 64' lang='lat' dir='ltr'><strong>turricelle</strong></span> <span class='ocrx_word' id='word_1_229' title='bbox 1318 3077 1542 3157; x_wconf 70' lang='lat' dir='ltr'><strong>diffinitam</strong></span> 
     </span>
    </p>

    <p class='ocr_par' dir='ltr' id='par_1_5' title="bbox 400 3177 1746 3392">
     <span class='ocr_line' id='line_1_26' title="bbox 407 3177 1746 3289; baseline -0.003 -29"><span class='ocrx_word' id='word_1_230' title='bbox 407 3237 422 3268; x_wconf 89' lang='lat'><strong>·.·</strong></span> <span class='ocrx_word' id='word_1_231' title='bbox 506 3187 545 3280; x_wconf 83' lang='lat'><strong>§.</strong></span> <span class='ocrx_word' id='word_1_232' title='bbox 563 3181 652 3260; x_wconf 89' lang='lat'>106.</span> <span class='ocrx_word' id='word_1_233' title='bbox 715 3177 826 3258; x_wconf 78' lang='lat' dir='ltr'><strong>lariff.</strong></span> <span class='ocrx_word' id='word_1_234' title='bbox 847 3189 1005 3254; x_wconf 78' lang='lat' dir='ltr'><strong>Neutrum</strong></span> <span class='ocrx_word' id='word_1_235' title='bbox 1033 3192 1168 3289; x_wconf 76' lang='lat' dir='ltr'><strong>Prino&#39;p.</strong></span> <span class='ocrx_word' id='word_1_236' title='bbox 1196 3185 1351 3260; x_wconf 77' lang='lat' dir='ltr'><strong>Mathem-</strong></span> <span class='ocrx_word' id='word_1_237' title='bbox 1379 3181 1575 3286; x_wconf 73' lang='lat' dir='ltr'><strong>Philosophia</strong></span> <span class='ocrx_word' id='word_1_238' title='bbox 1591 3183 1746 3258; x_wconf 77' lang='lat' dir='ltr'><strong>naturalis</strong></span> 
     </span>
     <span class='ocr_line' id='line_1_27' title="bbox 400 3275 1742 3392; baseline 0.001 -35"><span class='ocrx_word' id='word_1_239' title='bbox 400 3304 475 3392; x_wconf 75' lang='lat' dir='ltr'><strong>pag.</strong></span> <span class='ocrx_word' id='word_1_240' title='bbox 495 3307 545 3368; x_wconf 79' lang='lat' dir='ltr'><strong>rr.</strong></span> <span class='ocrx_word' id='word_1_241' title='bbox 571 3279 705 3364; x_wconf 77' lang='lat' dir='ltr'><strong>motus</strong></span> <span class='ocrx_word' id='word_1_242' title='bbox 718 3277 922 3368; x_wconf 67' lang='lat' dir='ltr'><strong>,theoriam</strong></span> <span class='ocrx_word' id='word_1_243' title='bbox 939 3275 988 3359; x_wconf 87' lang='lat' dir='ltr'><strong>ad</strong></span> <span class='ocrx_word' id='word_1_244' title='bbox 1008 3281 1218 3388; x_wconf 87' lang='lat' dir='ltr'><strong>sequentes</strong></span> <span class='ocrx_word' id='word_1_245' title='bbox 1236 3295 1318 3362; x_wconf 90' lang='lat' dir='ltr'><strong>tres</strong></span> <span class='ocrx_word' id='word_1_246' title='bbox 1334 3281 1440 3386; x_wconf 87' lang='lat' dir='ltr'><strong>leges</strong></span> <span class='ocrx_word' id='word_1_247' title='bbox 1457 3279 1675 3364; x_wconf 83' lang='lat' dir='ltr'><strong>revocavit.</strong></span> <span class='ocrx_word' id='word_1_248' title='bbox 1738 3305 1742 3316; x_wconf 93' lang='lat'>·</span> 
     </span>
    </p>
   </div>
   <div class='ocr_carea' id='block_1_4' title="bbox 412 3571 1753 4492">
    <p class='ocr_par' dir='ltr' id='par_1_6' title="bbox 412 3571 1753 4492">
     <span class='ocr_line' id='line_1_28' title="bbox 412 3571 1749 3768; baseline 0 -99"><span class='ocrx_word' id='word_1_249' title='bbox 412 3571 577 3726; x_wconf 69' lang='lat' dir='ltr'><strong>CUrpus</strong></span> <span class='ocrx_word' id='word_1_250' title='bbox 598 3589 871 3768; x_wconf 49' lang='lat' dir='ltr'><strong>omnyerscvcrat</strong></span> <span class='ocrx_word' id='word_1_251' title='bbox 892 3598 926 3668; x_wconf 85' lang='lat' dir='ltr'><strong>ln</strong></span> <span class='ocrx_word' id='word_1_252' title='bbox 934 3593 1019 3694; x_wconf 72' lang='lat' dir='ltr'><strong>statu</strong></span> <span class='ocrx_word' id='word_1_253' title='bbox 1031 3593 1087 3689; x_wconf 70' lang='lat' dir='ltr'><strong>fite</strong></span> <span class='ocrx_word' id='word_1_254' title='bbox 1112 3593 1307 3694; x_wconf 71' lang='lat' dir='ltr'><strong>quiescendi,</strong></span> <span class='ocrx_word' id='word_1_255' title='bbox 1334 3596 1388 3670; x_wconf 81' lang='lat' dir='ltr'><strong>vel</strong></span> <span class='ocrx_word' id='word_1_256' title='bbox 1409 3595 1556 3673; x_wconf 69' lang='lat' dir='ltr'><strong>mouenda·</strong></span> <span class='ocrx_word' id='word_1_257' title='bbox 1580 3596 1749 3698; x_wconf 50' lang='lat' dir='ltr'><strong>ansermi·</strong></span> 
     </span>
     <span class='ocr_line' id='line_1_29' title="bbox 494 3691 1747 3805; baseline 0.006 -37"><span class='ocrx_word' id='word_1_258' title='bbox 494 3713 543 3773; x_wconf 82' lang='lat' dir='ltr'><strong>ter</strong></span> <span class='ocrx_word' id='word_1_259' title='bbox 557 3704 593 3771; x_wconf 79' lang='lat' dir='ltr'><strong>ln</strong></span> <span class='ocrx_word' id='word_1_260' title='bbox 607 3691 676 3770; x_wconf 75' lang='lat' dir='ltr'><strong>dire</strong></span> <span class='ocrx_word' id='word_1_261' title='bbox 705 3715 780 3788; x_wconf 82' lang='lat' dir='ltr'><strong>um,</strong></span> <span class='ocrx_word' id='word_1_262' title='bbox 807 3695 1026 3798; x_wconf 63' lang='lat' dir='ltr'><strong>saliquatenus</strong></span> <span class='ocrx_word' id='word_1_263' title='bbox 1050 3722 1071 3771; x_wconf 78' lang='lat' dir='ltr'><strong>e</strong></span> <span class='ocrx_word' id='word_1_264' title='bbox 1092 3693 1215 3771; x_wconf 80' lang='lat' dir='ltr'><strong>uiribus</strong></span> <span class='ocrx_word' id='word_1_265' title='bbox 1234 3699 1380 3799; x_wconf 70' lang='lat' dir='ltr'><strong>imprffs</strong></span> <span class='ocrx_word' id='word_1_266' title='bbox 1400 3708 1520 3805; x_wconf 81' lang='lat' dir='ltr'><strong>cogitur</strong></span> <span class='ocrx_word' id='word_1_267' title='bbox 1529 3699 1646 3796; x_wconf 78' lang='lat' dir='ltr'><strong>statum</strong></span> <span class='ocrx_word' id='word_1_268' title='bbox 1659 3703 1747 3790; x_wconf 72' lang='lat' dir='ltr'><strong>illum</strong></span> 
     </span>
     <span class='ocr_line' id='line_1_30' title="bbox 412 3813 1513 3872; baseline 0.002 0"><span class='ocrx_word' id='word_1_269' title='bbox 412 3813 549 3872; x_wconf 71' lang='lat' dir='ltr'><strong>milim-</strong></span> <span class='ocrx_word' id='word_1_270' title='bbox 1510 3855 1513 3862; x_wconf 94' lang='lat'>·</span> 
     </span>
     <span class='ocr_line' id='line_1_31' title="bbox 511 3889 1753 4016; baseline 0.008 -44"><span class='ocrx_word' id='word_1_271' title='bbox 511 3889 616 3973; x_wconf 87' lang='lat' dir='ltr'><strong>Hinc</strong></span> <span class='ocrx_word' id='word_1_272' title='bbox 636 3891 720 3995; x_wconf 89' lang='lat' dir='ltr'><strong>est,</strong></span> <span class='ocrx_word' id='word_1_273' title='bbox 749 3891 859 3999; x_wconf 90' lang='lat' dir='ltr'><strong>quod</strong></span> <span class='ocrx_word' id='word_1_274' title='bbox 883 3893 978 3978; x_wconf 90' lang='lat' dir='ltr'><strong>dum</strong></span> <span class='ocrx_word' id='word_1_275' title='bbox 993 3923 1078 4000; x_wconf 86' lang='lat' dir='ltr'><strong>vas,</strong></span> <span class='ocrx_word' id='word_1_276' title='bbox 1097 3919 1198 4002; x_wconf 87' lang='lat' dir='ltr'><strong>aqua</strong></span> <span class='ocrx_word' id='word_1_277' title='bbox 1221 3899 1399 4016; x_wconf 86' lang='lat' dir='ltr'><strong>plenum,</strong></span> <span class='ocrx_word' id='word_1_278' title='bbox 1418 3896 1653 4011; x_wconf 77' lang='lat' dir='ltr'><strong>horizontali</strong></span> <span class='ocrx_word' id='word_1_279' title='bbox 1672 3897 1753 3982; x_wconf 76' lang='lat' dir='ltr'><strong>latu·</strong></span> 
     </span>
     <span class='ocr_line' id='line_1_32' title="bbox 412 3993 1749 4106; baseline 0.001 -30"><span class='ocrx_word' id='word_1_280' title='bbox 412 3993 676 4097; x_wconf 83' lang='lat' dir='ltr'><strong>collocatum,</strong></span> <span class='ocrx_word' id='word_1_281' title='bbox 693 4015 861 4097; x_wconf 88' lang='lat' dir='ltr'><strong>repente</strong></span> <span class='ocrx_word' id='word_1_282' title='bbox 877 4003 1030 4083; x_wconf 90' lang='lat' dir='ltr'><strong>tollitur</strong></span> <span class='ocrx_word' id='word_1_283' title='bbox 1049 4027 1061 4104; x_wconf 81' lang='lat'>3</span> <span class='ocrx_word' id='word_1_284' title='bbox 1088 4025 1204 4106; x_wconf 87' lang='lat' dir='ltr'><strong>aqua,</strong></span> <span class='ocrx_word' id='word_1_285' title='bbox 1226 4025 1268 4084; x_wconf 89' lang='lat' dir='ltr'><strong>m</strong></span> <span class='ocrx_word' id='word_1_286' title='bbox 1285 4001 1375 4081; x_wconf 89' lang='lat' dir='ltr'><strong>vase</strong></span> <span class='ocrx_word' id='word_1_287' title='bbox 1403 4013 1590 4080; x_wconf 87' lang='lat' dir='ltr'><strong>contenta</strong></span> <span class='ocrx_word' id='word_1_288' title='bbox 1615 3999 1749 4083; x_wconf 78' lang='lat' dir='ltr'><strong>vrdea.</strong></span> 
     </span>
     <span class='ocr_line' id='line_1_33' title="bbox 412 4096 1750 4207; baseline -0.004 -29"><span class='ocrx_word' id='word_1_289' title='bbox 412 4113 480 4178; x_wconf 91' lang='lat' dir='ltr'><strong>tur</strong></span> <span class='ocrx_word' id='word_1_290' title='bbox 495 4096 536 4178; x_wconf 91' lang='lat' dir='ltr'><strong>in</strong></span> <span class='ocrx_word' id='word_1_291' title='bbox 552 4097 763 4180; x_wconf 84' lang='lat' dir='ltr'><strong>contrarias</strong></span> <span class='ocrx_word' id='word_1_292' title='bbox 783 4103 1004 4204; x_wconf 87' lang='lat' dir='ltr'><strong>abreptioni</strong></span> <span class='ocrx_word' id='word_1_293' title='bbox 1015 4121 1144 4207; x_wconf 87' lang='lat' dir='ltr'><strong>partes</strong></span> <span class='ocrx_word' id='word_1_294' title='bbox 1161 4103 1293 4205; x_wconf 87' lang='lat' dir='ltr'><strong>abire,</strong></span> <span class='ocrx_word' id='word_1_295' title='bbox 1314 4117 1433 4206; x_wconf 81' lang='lat' dir='ltr'><strong>atque</strong></span> <span class='ocrx_word' id='word_1_296' title='bbox 1444 4101 1650 4182; x_wconf 85' lang='lat' dir='ltr'><strong>relativum</strong></span> <span class='ocrx_word' id='word_1_297' title='bbox 1662 4127 1750 4186; x_wconf 86' lang='lat' dir='ltr'><strong>mu.</strong></span> 
     </span>
     <span class='ocr_line' id='line_1_34' title="bbox 415 4199 1752 4309; baseline 0.004 -27"><span class='ocrx_word' id='word_1_298' title='bbox 415 4217 499 4282; x_wconf 87' lang='lat' dir='ltr'><strong>tare</strong></span> <span class='ocrx_word' id='word_1_299' title='bbox 513 4199 676 4282; x_wconf 86' lang='lat' dir='ltr'><strong>locum:</strong></span> <span class='ocrx_word' id='word_1_300' title='bbox 705 4200 800 4307; x_wconf 91' lang='lat' dir='ltr'><strong>quia</strong></span> <span class='ocrx_word' id='word_1_301' title='bbox 824 4227 967 4308; x_wconf 89' lang='lat' dir='ltr'><strong>nempe</strong></span> <span class='ocrx_word' id='word_1_302' title='bbox 988 4231 1113 4309; x_wconf 83' lang='lat' dir='ltr'><strong>aqua,</strong></span> <span class='ocrx_word' id='word_1_303' title='bbox 1133 4203 1291 4288; x_wconf 78' lang='lat' dir='ltr'><strong>inertiae</strong></span> <span class='ocrx_word' id='word_1_304' title='bbox 1310 4203 1445 4305; x_wconf 88' lang='lat' dir='ltr'><strong>causa,</strong></span> <span class='ocrx_word' id='word_1_305' title='bbox 1472 4201 1571 4302; x_wconf 90' lang='lat' dir='ltr'><strong>petit</strong></span> <span class='ocrx_word' id='word_1_306' title='bbox 1590 4202 1631 4284; x_wconf 92' lang='lat' dir='ltr'><strong>in</strong></span> <span class='ocrx_word' id='word_1_307' title='bbox 1648 4209 1752 4290; x_wconf 85' lang='lat' dir='ltr'><strong>statu</strong></span> 
     </span>
     <span class='ocr_line' id='line_1_35' title="bbox 413 4299 1753 4492; baseline 0.007 -108"><span class='ocrx_word' id='word_1_308' title='bbox 413 4299 485 4387; x_wconf 88' lang='lat' dir='ltr'><strong>suo</strong></span> <span class='ocrx_word' id='word_1_309' title='bbox 507 4301 652 4415; x_wconf 86' lang='lat' dir='ltr'><strong>quietis</strong></span> <span class='ocrx_word' id='word_1_310' title='bbox 672 4328 936 4412; x_wconf 83' lang='lat' dir='ltr'><strong>permanere3</strong></span> <span class='ocrx_word' id='word_1_311' title='bbox 989 4311 1134 4417; x_wconf 87' lang='lat' dir='ltr'><strong>Neque</strong></span> <span class='ocrx_word' id='word_1_312' title='bbox 1156 4307 1273 4392; x_wconf 85' lang='lat' dir='ltr'><strong>etiam</strong></span> <span class='ocrx_word' id='word_1_313' title='bbox 1298 4307 1504 4410; x_wconf 86' lang='lat' dir='ltr'><strong>abreptum</strong></span> <span class='ocrx_word' id='word_1_314' title='bbox 1527 4313 1753 4492; x_wconf 65' lang='lat' dir='ltr'><strong>vasilpotest</strong></span> 
     </span>
     <span class='ocr_line' id='line_1_36' title="bbox 1131 4435 1701 4492; baseline 0.016 -10"><span class='ocrx_word' id='word_1_315' title='bbox 1131 4475 1134 4482; x_wconf 24' lang='lat' dir='ltr'><strong>r</strong></span> <span class='ocrx_word' id='word_1_316' title='bbox 1637 4435 1701 4492; x_wconf 85' lang='lat' dir='ltr'><strong>rco</strong></span> 
     </span>
    </p>
   </div>
   <div class='ocr_carea' id='block_1_5' title="bbox 0 0 1949 4958">
    <p class='ocr_par' dir='ltr' id='par_1_7' title="bbox 0 0 1949 4958">
     <span class='ocr_line' id='line_1_37' title="bbox 0 0 1949 4958; baseline 0 0"><span class='ocrx_word' id='word_1_317' title='bbox 0 0 1949 4958; x_wconf 95' lang='lat' dir='ltr'><strong> </strong></span> 
     </span>
    </p>
   </div>
  </div>
 </body>
</html>
