3900 4956
439 506 487 586 so
958 489 1174 564 Soceroms
1208 485 1243 564 Ι.

387 683 523 774 pterea
536 667 649 769 illud,
670 666 780 772 quod
801 667 973 770 superest
1010 669 1134 752 veluti
1154 669 1277 774 cinis,
1298 695 1445 774 corpus
1466 671 1542 754 else
1557 672 1721 757 desinet.
1787 697 1790 704 ⁴

390 780 480 877 Qua
505 771 545 852 in
571 795 617 850 re
643 774 745 852 bene
773 725 1060 854 observandum
1094 775 1182 856 ellt
1222 777 1502 872 proprietatem
1530 777 1716 880 aliquam,

393 898 489 976 quae
521 872 702 972 respeuu
732 887 858 952 certee
891 875 1096 974 cujusdam
1130 876 1274 972 speciei
1301 874 1502 956 ellentialis
1522 879 1592 976 est,
1619 907 1658 958 v.
1679 905 1717 982 g.

393 973 575 1078 organica
599 972 787 1060 fibrarum
809 991 966 1058 textura
991 975 1170 1078 respedlu
1197 975 1371 1076 arboris,
1400 979 1475 1058 elle
1503 979 1725 1062 accidenta-

390 1079 468 1158 lem
485 1076 666 1177 respeltu
682 1076 861 1178 corporis
882 1077 924 1158 in
940 1077 1165 1159 universum
1188 1077 1359 1178 speilati.

492 1189 535 1270 o.
566 1191 627 1268 18.
662 1183 754 1262 Non
781 1175 912 1260 omoia
945 1183 1168 1259 attributorum
1183 1189 1376 1286 -gerrrrlirm
1407 1183 1523 1263 suere
1548 1181 1627 1262 anti
1658 1184 1719 1258 uis

390 1277 630 1377 Philosophis
659 1280 847 1384 cognita,
874 1281 1002 1362 ueluti
1023 1290 1156 1376 imrrir,
1180 1297 1228 1358 vis
1247 1289 1453 1380 aurilionis,
1519 1299 1618 1362 auius
1679 1303 1716 1360 c.

421 1403 489 1458 uae
505 1383 778 1462 recentiorum
795 1380 980 1463 indefella
996 1387 1036 1466 in
1052 1380 1415 1484 experimentorum
1433 1313 1518 1466 udi
1531 1383 1726 1466 industria.

386 1409 559 1562 Felieiter
576 1479 752 1582 detexit,
781 1481 833 1561 ita
846 1501 891 1566 ut
910 1488 1012 1566 bona
1032 1485 1212 1600 affulgeat
1230 1489 1345 1588 spes,
1373 1487 1483 1592 quod
1501 1509 1623 1586 porro
1632 1488 1720 1583 plu·

388 1607 433 1663 ra
453 1581 558 1684 lapsu
576 1585 767 1684 temporis
793 1585 831 1664 dr
854 1586 985 1668 sedula
1012 1588 1298 1668 exercitatione
1326 1592 1585 1686 proferentur
1602 1586 1641 1666 in
1660 1590 1722 1670 lu-

384 1709 506 1796 cem„
540 1687 703 1767 Interim
722 1710 839 1768 nemo
861 1688 930 1768 nist
949 1689 1181 1770 temerarius
1212 1689 1331 1768 hodie
1352 1690 1391 1770 in
1412 1688 1522 1770 ditiis
1543 1713 1635 1766 mox
1656 1713 1718 1793 ge-

385 1786 584 1870 neralrbus
611 1785 880 1868 affeiiionibus
912 1793 1093 1893 corporis
1123 1805 1299 1870 naturam
1326 1791 1464 1869 secure
1490 1792 1731 1870 collocarem

386 1886 582 1992 Nunquid
609 1890 687 1968 sola
703 1898 827 1994 arripio
843 1893 1043 1982 veteribus
1062 1891 1273 1972 videbatur
1290 1891 1480 1992 generalis
1505 1893 1734 1994 propriaue
1817 1930 1821 1940 1

389 2013 632 2092 corporum,
661 2016 789 2096 eaque
807 1992 1005 2074 mediante
1034 2018 1172 2077 omnes
1201 1993 1291 2073 olias
1314 1997 1354 2070 in
1373 1995 1544 2094 corpore
1563 1993 1689 2094 recipi
1706 1995 1724 2072 l

391 2091 470 2172 Sed
499 2117 592 2173 cum
618 2092 785 2194 primum
811 2123 902 2172 vacue
929 2095 1129 2178 existentia
1155 2094 1414 2175 demonstrata
1438 2095 1524 2194 est,
1550 2095 1723 2176 innotuit
1788 2111 1791 2116 ’

386 2193 624 2293 Philosophis
644 2197 762 2276 ultera
783 2197 1000 2299 proprietas
1023 2195 1213 2299 generalis
1238 2219 1468 2298 corporum,
1492 2220 1635 2296 nempe
1663 2207 1721 2274 im·

387 2299 639 2398 penetrabilius,
667 2321 760 2400 quae
772 2299 973 2377 extensum
993 2323 1139 2400 corpus
1159 2324 1318 2380 evacuo
1335 2298 1494 2376 extenso
1505 2297 1722 2398 discernat3

390 2393 492 2475 Inde
510 2402 642 2497 postea
664 2399 731 2478 ubi
757 2399 958 2478 intentiori
982 2401 1109 2480 studio
1138 2403 1396 2504 phaenomena
1419 2399 1627 2480 examinari
1644 2425 1725 2480 coe·

391 2513 561 2601 petunt,
588 2500 761 2580 innotuit
778 2502 953 2596 mobilitas,
973 2502 1147 2583 innotuit
1163 2515 1292 2600 inertia,
1309 2499 1481 2579 innotuit
1493 2517 1636 2602 gravitas
1649 2503 1724 2578 dre.

392 2599 544 2680 Dubitari
561 2613 691 2704 nequir,
717 2601 846 2704 inquit
874 2601 1017 2682 Clariis.
1037 2603 1426 2684 Mullchembroekius
1444 2598 1484 2677 in
1506 2599 1727 2681 tentamini·

393 2702 469 2780 bus
488 2705 520 2780 F
521 2702 751 2800 lorentirriS,
777 2705 830 2780 ubi
848 2705 990 2801 Jrnfirrmr
1011 2729 1064 2809 ope
1086 2717 1187 2784 omnia
1214 2709 1419 2782 detexerimur
1431 2706 1640 2802 pbrnomrnr,
1656 2730 1723 2808 qua

393 2831 520 2908 corpora
534 2833 672 2910 unquam
687 2805 852 2911 spodianda
867 2807 943 2886 dare
968 2829 1105 2914 queunt,
1128 2817 1207 2913 quin
1231 2816 1361 2884 rationis
1377 2817 1459 2882 virrr
1487 2809 1572 2884 nobis
1593 2813 1724 2908 largitus

385 2907 487 3008 suerit
502 2927 549 2986 ter
570 2915 711 3011 Optimus
723 2913 801 2983 Dour
812 2908 1011 3023 firfficr'cntrs,
1027 2909 1138 3013 quibus
1148 2930 1294 2985 naturam
1310 2935 1410 2984 eorum
1427 2933 1579 2985 eruamur.
1607 2909 1725 2982 Nunc

395 3001 447 3082 de
467 3004 628 3110 singulis
645 3007 866 3108 attributrs,
895 3011 961 3092 seu
985 3006 1296 3108 Proprietatibus
1317 3008 1511 3113 generalibus
1532 3006 1674 3086 ordine
1691 3027 1728 3079 a·

394 3131 480 3212 gam
500 3133 512 3210 3
536 3116 736 3208 particulares
750 3122 878 3188 autem
909 3126 990 3190 tum
1014 3111 1285 3212 pernimio,
1313 3131 1405 3190 cum
1432 3108 1483 3189 de
1507 3107 1625 3190 variis
1640 3131 1729 3187 cor·

393 3232 538 3312 porum
555 3205 760 3310 speciebus
781 3211 956 3289 trattatio
973 3225 1171 3290 recurret.

701 3393 1287 3489 PRAELECTIO
1345 3397 1433 3490 IV.

583 3531 645 3616 Dr
665 3527 896 3637 Extenssrne,
921 3533 1104 3636 Continuo,-
1123 3531 1175 3626 &⁹
1196 3531 1547 3643 impenetrabilitate.

250 3711 383 3810 rxrrnsso
403 3716 436 3812 l.
451 3732 512 3814 19.
535 3709 640 3845 Esse
658 3713 814 3816 extenfirm
841 3712 973 3791 nostro
1002 3711 1256 3812 concipiendi
1281 3713 1400 3796 modo
1419 3712 1512 3792 nihil
1530 3711 1634 3790 aliud
1652 3713 1731 3815 est,

215 3812 322 3910 quidi'
344 3811 387 3888 ὓ·
619 3837 735 3914 quam
754 3815 897 3896 habere
911 3829 1073 3914 partes,
1108 3836 1224 3894 unam
1254 3831 1365 3894 extra
1392 3815 1549 3894 alteram
1571 3826 1734 3911 proten-

212 3915 393 4018 quotuplex?
408 3910 492 4017 sas3
545 3919 612 4008 Est
624 3934 754 3998 autem
772 3925 909 4020 Exierfio
930 3916 1101 4014 duplex:
1129 3925 1347 3996 mathematica
1368 3918 1405 3998 dr
1415 3923 1547 4022 plpfica.
1599 3919 1731 4015 extetplo

406 4023 626 4098 mathematica
643 4019 720 4118 est,
751 4044 844 4122 quae
859 4016 956 4098 nulli
971 4018 1069 4096 inest
1094 4017 1270 4098 mneriae
1288 4073 1302 4116 ,
1329 4021 1367 4098 dr
1391 4019 1432 4098 in
1448 4017 1536 4096 solis
1556 4015 1655 4098 ideis
1671 4039 1734 4093 re·

404 4115 537 4235 lucet,
563 4137 607 4200 ut
629 4119 774 4200 diurn
793 4123 848 4200 est
867 4125 924 4220 (ς.
940 4146 975 4200 1.
991 4121 1214 4221 demonstro
1231 4117 1332 4200 linea
1348 4119 1733 4202 mathematicacom-

402 4235 587 4324 ponitur,
616 4219 710 4302 dum
726 4221 917 4326 punitum
943 4219 1117 4302 absolute
1141 4221 1375 4303 indivisrbile
1393 4226 1434 4304 in
1450 4215 1736 4399 longitudirsreem
