3900 4956
351 476 1005 562 neeonorunrromsmlr
1017 479 1281 562 Universum.
1415 501 1494 586 Ι49

200 678 313 758 suum
330 668 513 768 derogari
543 674 731 777 oportet,
753 677 992 764 propterea:
1012 661 1120 767 quod
1145 665 1311 767 modus,
1339 689 1422 770 quo
1446 685 1537 744 cor-

200 803 276 878 pus
296 772 419 852 menti
446 773 734 869 conjongrtur‚
762 763 985 866 ignoretur.
1040 763 1148 846 Vitae
1174 770 1355 849 humanae
1382 767 1539 849 coordi-

197 879 304 961 natio
322 868 494 976 requirit
514 897 523 946 r
554 864 757 946 discrimen
770 882 1028 944 externorum
1045 867 1290 968 objectorum
1308 869 1534 972 advertere,

197 1005 279 1063 non
296 971 463 1052 vero'de
482 964 717 1049 difficillimis
732 969 850 1046 rebus
869 969 1011 1047 habere
1031 971 1254 1051 certiffimas
1271 971 1534 1073 cognitiones.

129 1097 134 1102 '
195 1087 395 1163 Praeterea
421 1097 502 1152 non
523 1073 577 1150 est
603 1069 823 1148 credibile:
859 1069 1051 1150 Christum
1068 1073 1284 1156 Dominum
1305 1074 1554 1172 adprobem,
1653 1111 1654 1117 Ν

112 1175 114 1180 ’
197 1182 484 1272 dementum,
511 1189 586 1252 tam
617 1195 670 1252 ue
684 1170 938 1250 neceffarium
968 1171 1265 1257 resurreciionis
1288 1199 1326 1252 m
1355 1173 1533 1274 sterium,

195 1281 350 1384 vulgari
370 1199 641 1356 tantummodo
659 1272 696 1350 u
715 1272 876 1352 fallente
893 1288 1123 1374 argumento
1141 1202 1457 1356 condoceiircere
1476 1275 1535 1358 di·

197 1385 369 1481 scipulos
387 1375 565 1458 voluille.
619 1378 765 1476 Neque
775 1374 889 1480 etiam
907 1373 1048 1474 paritas
1067 1376 1121 1454 est
1134 1402 1224 1460 cum
1241 1380 1330 1460 Sole
1342 1378 1534 1458 circater-

196 1511 278 1568 ram
297 1482 375 1562 sese
397 1491 613 1575 movente·;
640 1500 729 1554 nam
754 1474 885 1554 sensus
901 1501 990 1577 ug.
1011 1475 1140 1580 visus,
1161 1481 1286 1561 tatius
1309 1478 1535 1560 immediate
1596 1499 1599 1512 ·

198 1589 245 1668 ab
261 1581 422 1683 objectis
439 1577 674 1677 corporeis,
702 1590 768 1658 aut
784 1575 892 1655 duris
909 1595 975 1656 aut
996 1575 1139 1658 lucidis
1162 1585 1346 1663 coloratis
1371 1584 1448 1662 uc.
1479 1583 1534 1660 al-

190 1687 414 1776 ,liciunturr
441 1698 573 1759 motus
596 1691 724 1757 autem
737 1675 837 1756 Solis
853 1679 1093 1757 remotissimi
1121 1697 1293 1764 nontam
1312 1684 1536 1765 sensusaffi-

197 1791 280 1889 cit‚
308 1811 426 1890 quam
445 1781 587 1863 mentis
606 1778 816 1880 judicium.
873 1783 927 1860 Ut
945 1795 1091 1860 taceam
1120 1789 1290 1865 Fardellam
1311 1785 1535 1898 secumipso

193 1911 374 1998 pugnare
392 1913 404 1987 3
433 1888 484 1966 ait
505 1883 652 1986 quippe
670 1911 681 1960 r
704 1878 787 1959 fide
806 1875 993 1960 duntaxat
1021 1901 1169 1962 certam
1198 1889 1274 1966 elle
1292 1887 1534 1966 existentiam

199 2013 415 2171 corporazm
436 2009 569 2104 geum
585 1999 716 2066 tamen
727 1983 865 2063 rursus
886 1984 1018 2070 dicat:
1046 1983 1267 2086 scipturam
1284 2001 1432 2073 tantum
1447 1987 1537 2070 vul·

199 2107 343 2200 genter
377 2114 489 2194 oqur.

499 2271 1086 2364 PRAELECTIO
1149 2279 1231 2368 111.

423 2421 485 2514 De
505 2421 701 2534 Corporum
717 2419 1014 2530 Proprietatibus
1032 2428 1072 2511 in
1098 2421 1330 2537 Univerfiam.

93 2639 97 2646 ·
202 2608 237 2713 l.
250 2609 313 2692 16.
324 2607 542 2786 Externa
560 2627 776 2708 corporum
792 2605 975 2690 attributa
988 2607 1374 2695 beneficiosensuum
1387 2629 1536 2714 cogno-

419 2708 561 2790 scimus
579 2711 631 2810 (l.
644 2707 699 2822 7⁶).
722 2720 840 2812 atque
851 2711 966 2788 exhis
977 2706 1172 2790 attributis
1193 2710 1470 2817 intelligimus:
1490 2737 1538 2791 an

204 2813 384 2912 corporis
400 2828 538 2890 natura
561 2809 612 2921 in·
626 2813 758 2911 aliquo
785 2811 995 2912 habeatur,
1014 2837 1061 2891 an
1081 2817 1199 2892 non?
1242 2818 1347 2896 Num
1367 2815 1411 2894 fit
1431 2815 1540 2914 talia,

205 2933 273 2997 aut
288 2913 446 2994 alterius
470 2911 614 3011 speciei
633 2932 779 3008 eorpus
799 2915 813 2988 3

210 3049 215 3058 ·
304 3024 342 3116 §.
362 3033 424 3114 17.
453 3007 696 3192 Acdquidem
721 3008 803 3090 duo
828 3007 1160 3126 praecipual'unt,
1190 3014 1342 3116 quaein
1362 3015 1540 3098 omnium

204 3139 419 3221 corporum
444 3136 521 3191 con
552 3129 675 3191 ruone
702 3111 849 3190 attendi
878 3111 1058 3211 gnaviter
1078 3114 1258 3215 debent3
1292 3119 1363 3198 alia
1391 3117 1540 3224 quippe

206 3219 317 3320 sunt,
345 3236 440 3322 quae
455 3212 540 3294 tolli
560 3237 640 3298 non
658 3211 842 3314 poliunt,
871 3212 967 3314 quin
985 3215 1095 3298 simul
1116 3218 1298 3316 corporis
1317 3233 1455 3302 natura
1472 3247 1540 3321 pe·

207 3319 311 3400 nitus
327 3321 494 3400 intereat
511 3343 524 3416 3
550 3319 638 3396 haec
651 3315 809 3414 effemialr'a
828 3313 1015 3396 dicuntur
1036 3341 1252 3420 corporum
1263 3327 1427 3413 attributa,
1441 3339 1537 3426 quae

208 3419 387 3500 omnibus
405 3417 580 3498 absolute
596 3415 833 3513 corporibus
852 3417 943 3495 sunt
963 3421 1210 3521 communia,
1235 3424 1361 3504 veluti
1383 3431 1533 3530 uranio,
1565 3440 1726 3518 amma

209 3522 500 3625 impenetrabiliter,
519 3517 733 3630 Diofiilliras,
751 3525 885 3620 ligura,
913 3521 1092 3612 Mobilitas,
1109 3526 1359 3626 Quiescibilitam
1380 3531 1536 3622 Gravitas3
1553 3549 1727 3644 Propria.

205 3626 368 3716 renarro,
389 3630 517 3700 luania.
570 3617 661 3697 Alia
678 3641 798 3721 porro
814 3617 903 3696 sunt
918 3624 1129 3716 accidentalia,
1150 3625 1284 3724 quaeli
1302 3622 1540 3724 corporibus
1554 3659 1597 3714 res
1619 3666 1725 3742 corpa-

208 3730 441 3824 demantur‚
468 3741 550 3798 non
575 3719 736 3821 quidem
763 3717 1022 3816 pertinebunt
1047 3723 1209 3819 amplius
1230 3724 1277 3804 ad
1295 3727 1465 3827 speciem
1494 3731 1537 3810 il·
1553 3767 1641 3818 ram.

204 3833 306 3931 lam,
335 3825 382 3905 ad
425 3845 514 3902 uam
532 3837 644 3901 antea
666 3821 969 3919 referebantur,
995 3847 1167 3924 corpora
1191 3843 1319 3924 tamen
1336 3853 1538 3931 permane·

205 3937 332 4028 bunt,
358 3853 470 4005 vdiut
486 3927 614 4020 durum,
632 3931 733 4012 molle,
750 3927 897 4010 caldum,
907 3926 1061 4028 frigidum
1082 3924 1159 4004 dte.
1195 3926 1259 4007 Sic
1273 3953 1372 4033 aqua
1386 3931 1537 4035 frigore

207 4031 424 4114 accedente
451 4026 529 4104 abit
556 4027 596 4104 in
622 4025 815 4128 glaciem,
845 4025 882 4103 δι
907 4048 1008 4127 aqua
1029 4025 1106 4105 elle
1124 4025 1297 4130 definit,
1335 4049 1539 4130 permanet

207 4151 336 4214 tamen
355 4153 517 4230 corpus.
572 4127 611 4205 si
636 4131 752 4207 arbor
769 4127 833 4204 vel
867 4127 1138 4210 combustione
1161 4134 1226 4210 vel
1250 4135 1540 4232 putrefactione

206 4232 427 4338 organicam
443 4227 614 4336 partium
631 4227 919 4404 dispositiorgm
947 4229 1167 4335 deperdat,
1195 4259 1276 4320 non
1297 4251 1424 4318 tamen
1442 4261 1536 4336 pro-

474 4360 479 4386 t
1344 4359 1484 4442 pterea
