3878 4958
309 513 614 601 PxntncmoX.
636 511 1322 606 Douronnnrrmmsrtrnr.
1442 533 1496 624 97

165 741 169 750 ·
195 731 336 810 nempe
352 705 404 786 ob
416 701 613 792 minorem
628 697 908 780 cohaerentiam
922 695 1060 780 fluidae
1079 707 1228 804 aquaet
1255 703 1542 810 Jaciaturidem

192 815 289 916 lapis
308 812 351 892 in
370 824 558 900 truncum
575 803 784 914 mediocris
800 802 949 884 arboris
966 831 978 899 3
1005 801 1218 904 impetus-a
1233 806 1363 922 lapide
1381 807 1542 906 impres·
1635 889 1637 894 Α

194 914 257 998 sus
275 937 415 994 omnes
434 907 658 1009 superiores
675 908 826 987 arboris
844 903 1009 992 frondes
1026 911 1320 1012 commoveblt,
1349 909 1545 992 nimirum

191 1024 242 1100 ob
270 1011 608 1117 proportionem,
638 1034 754 1112 quam
783 1010 899 1092 habet
930 1033 1022 1087 cum
1052 1010 1212 1092 materia
1242 1023 1336 1092 tuerat
1363 1015 1541 1115 arboris,

191 1121 427 1200 cohaerente
456 1112 642 1216 quidem,
662 1113 728 1192 sed
749 1113 864 1192 sacile
893 1111 1027 1192 mobili
1051 1137 1063 1214 3
1098 1115 1209 1214 Juxta
1235 1139 1352 1220 quam
1373 1139 1543 1218 propor.

190 1224 342 1304 tionem
360 1215 752 1318 impetuaimpreslus
770 1215 811 1320 in
827 1215 935 1296 omni
952 1214 1225 1322 experimento
1250 1217 1431 1302 cernitur
1449 1241 1547 1321 ope*

192 1347 288 1410 tart.
1296 1351 1299 1356 ·

300 1428 333 1526 ς.
353 1446 440 1526 103.
467 1427 585 1502 tnertta
608 1418 786 1517 materiae
810 1395 933 1502 nunc*
946 1417 1137 1519 explicata
1157 1422 1427 1524 maximopere
1447 1445 1543 1500 cons
1559 1440 1680 1520 pm

197 1525 308 1609 ducit
339 1525 385 1604 ad
410 1539 561 1606 motum
589 1522 827 1604 &ordinem
855 1521 978 1604 totius
1004 1523 1182 1608 universi
1205 1523 1544 1628 conservandum,
1553 1549 1640 1644 finis,

101 1664 105 1672 ·
191 1631 274 1711 stne
291 1653 367 1734 qua
386 1625 609 1708 indiscretis
627 1625 780 1727 legibus
803 1626 933 1707 omnia
960 1627 1193 1730 cierentur3
1222 1629 1312 1728 line
1335 1629 1406 1706 hac
1424 1628 1545 1730 enim,

192 1749 260 1830 aut
285 1734 438 1810 nullum
475 1730 583 1808 sorte
611 1727 817 1828 impulsum
852 1753 1023 1828 corpora
1057 1731 1316 1834 exciperent,
1348 1745 1413 1809 aut
1438 1748 1549 1811 certe

189 1833 338 1914 minimi
369 1829 597 1931 corpusculi
625 1830 783 1928 allapsus
812 1827 1091 1932 rapidissimum
1126 1849 1280 1913 motum
1313 1831 1354 1912 in
1380 1833 1550 1912 maximo

194 1959 370 2034 corpore
386 1936 595 2015 causaret:
627 1931 706 2012 sme
730 1933 803 2009 hac
829 1932 1053 2014 deficerent
1080 1933 1220 2014 attivae
1242 1934 1323 2014 itlae
1343 1933 1450 2014 vires
1479 1937 1549 2018 suo

193 2037 234 2118 in
254 2039 417 2140 vigore,
438 2061 534 2142 quas
549 2037 662 2115 Deus
679 2033 753 2116 toti
775 2033 969 2128 Universo
991 2035 1059 2116 sub
1079 2035 1321 2118 creationem
1339 2035 1485 2118 indidit
1502 2031 1550 2116 ad

197 2139 352 2218 diversa
370 2143 634 2242 phaenomena
656 2137 803 2216 suturis
829 2135 1078 2240 temporibus
1104 2139 1365 2237 producenda
1386 2165 1398 2238 ς
1434 2140 1552 2244 siqui-

194 2241 287 2320 dem
310 2242 392 2319 sme
422 2253 537 2317 tanda
562 2263 644 2318 non
668 2237 788 2318 essent
817 2239 974 2336 pasltvae
1005 2242 1136 2342 vires,
1176 2265 1269 2344 quae
1289 2236 1449 2321 auitam
1469 2243 1550 2322 vim

196 2341 454 2444 exciperent,
477 2339 514 2418 δι
534 2341 575 2418 in
590 2341 667 2436 ‚alia
683 2341 818 2434 rursus
837 2359 1007 2444 corpora
1037 2342 1278 2422 derivarent.
1331 2343 1397 2422 Est
1419 2361 1550 2426 autem

193 2455 309 2522 inertia
337 2440 610 2524 recentissimis
637 2442 777 2522 nostris
817 2445 1062 2545 temporibus
1096 2443 1332 2547 potissimum
1371 2445 1547 2549 detesta,

192 2565 285 2630 cum
303 2559 461 2626 veteres
480 2543 547 2628 vix
565 2543 781 2650 quidquam
805 2545 855 2624 de
871 2571 917 2625 ea
934 2546 1155 2650 Philosophi
1175 2547 1417 2629 somniarint.

761 2737 1002 2848 objectiones.

134 2903 143 2917 ’
195 2877 344 2980 §.104
398 2867 621 2953 Nartianihil
643 2873 698 2950 esi
724 2868 794 2950 nisi
820 2867 988 2972 privatio
1014 2873 1139 2948 omnis
1167 2885 1325 2974 motuS,
1354 2891 1448 2974 quae
1467 2899 1552 2956 mo'.

257 3049 262 3058 ,
421 2989 485 3054 tus
502 2970 672 3074 privatio
686 2987 730 3050 ut
750 2973 933 3066 tollatur,
955 2969 1152 3048 necessum
1173 2974 1229 3051 est
1246 2975 1325 3054 vim
1347 2991 1550 3060 externam
1598 3001 1606 3010 ’

194 3075 389 3158 accedere
411 3104 425 3169 ς
454 3075 577 3178 igitur
597 3087 710 3150 inertia
728 3099 810 3153 non
832 3073 887 3152 est
903 3071 963 3148 vis
983 3069 1168 3172 quaedam
1195 3077 1373 3156 materiae
1392 3077 1515 3178 insita.
1534 3123 1541 3132 ·

299 3183 354 3259 ΙΙ.
385 3183 470 3261 Aer
487 3177 648 3280 globum
667 3174 935 3278 quiescentem
964 3171 1138 3256 ambiens
1169 3173 1331 3261 videtur
1354 3177 1549 3265 aaronem

196 3299 400 3366 externam
436 3279 665 3384 postulare,
700 3291 746 3357 ut
776 3277 817 3358 in
844 3295 994 3357 motum
1024 3272 1246 3362 deducatur
1280 3309 1293 3388 3
1342 3307 1437 3384 ergo
1467 3295 1550 3370 nori

199 3397 329 3464 inertia.

298 3489 369 3564 ΙΙΙ.
394 3475 575 3563 Gravitas
598 3481 706 3561 sorte
733 3501 950 3578 corporum
975 3493 1160 3560 externas
1186 3482 1359 3564 artiones
1387 3487 1547 3588 recipit,

196 3586 291 3668 item
323 3584 440 3668 etiam
470 3585 626 3666 adversa
653 3581 855 3664 reattione
882 3579 1039 3686 reagit3
1067 3583 1190 3687 igitur
1213 3585 1356 3664 frustra
1382 3585 1547 3690 lingitur

197 3703 325 3772 martia.
1067 3763 1071 3780 ,
1355 3723 1393 3756 ,-

301 3797 333 3895 ς.
360 3805 446 3887 105.
465 3814 519 3878 nc„
538 3785 585 3866 ad
604 3791 639 3868 Ῑ.
664 3813 705 3868 n.
728 3813 793 3891 a.;
828 3782 855 3888 si
879 3781 983 3866 enim
1009 3801 1174 3894 externa
1193 3785 1253 3868 vis
1273 3783 1445 3888 udeberet
1459 3809 1542 3879 tan-

197 3901 275 3978 tani
293 3917 509 3993 corporum
529 3889 706 3994 'quietem
720 3885 888 3987 amoliri,
910 3888 1159 3992 sequeretur,
1179 3886 1289 3994 quod
1304 3895 1441 3976 eadem
1462 3899 1539 4003 vis,

200 4023 294 4102 quae
317 4019 481 4097 parvum
501 3993 703 4096 globulum
723 4015 888 4074 movere
907 3991 1156 4091 locoposset,
1185 3993 1308 4094 pollet
1329 4001 1442 4080 etiam
1462 4029 1539 4083 ma-

201 4103 349 4182 ximum
364 4123 514 4201 corpus
535 4119 790 4178 commovere
802 4124 820 4211 3
846 4109 1065 4198 utrumque
1083 4095 1185 4174 enim
1204 4097 1368 4200 quiescit
1385 4137 1396 4204 3
1427 4105 1539 4210 quod

199 4223 331 4282 tamen
356 4205 410 4282 est
426 4217 566 4282 contra
589 4199 904 4301 experientiam:
941 4197 1060 4301 igitur
1097 4213 1246 4302 praeter
1272 4205 1536 4304 privationem

199 4323 332 4389 motus
348 4303 421 4418 alia
433 4305 514 4406 vis,
535 4307 715 4406 materiae
733 4301 867 4484 infitgl,
883 4325 1033 4403 nempe,
1048 4315 1161 4386 motta
1180 4305 1352 4412 affignari
1371 4310 1505 4488 debgt.
