3900 4956
444 467 499 556 ‚58
598 513 602 524 .
976 475 1186 544 sectionis
1213 463 1248 542 1.
1410 477 1413 482 ’
1535 499 1538 506 ·
1614 481 1669 544 .,¹

395 641 659 726 visibilitatem
679 641 961 744 ininfinitum‚
985 641 1027 722 id
1050 647 1104 726 est
1123 671 1133 724 t
1154 645 1263 726 omni
1290 669 1462 726 numero
1480 641 1596 728 finito
1617 650 1741 748 majus

397 745 575 828 materiae
587 746 678 844 jure
703 742 878 826 attribui«
931 748 1054 852 Quod
1076 747 1220 826 sivero
1238 744 1400 848 quidam
1419 747 1521 844 sint,
1553 752 1621 852 qui
1639 757 1744 851 infie-

395 873 463 926 tum
482 847 610 928 dicant
627 849 701 928 effe
716 849 780 946 id,
807 881 868 964 quo
884 881 946 930 non
959 852 1057 926 datur
1072 856 1196 949 majus,
1220 867 1448 952 negentqne
1466 871 1528 928 ma
1544 850 1681 932 teriam
1700 854 1742 934 in

399 947 597 1028 infinitum
615 950 719 1052 poise
738 949 887 1051 dividi,
916 975 1056 1030 eorum
1076 975 1157 1028 non
1170 949 1285 1028 ausim
1304 949 1509 1032 sententiae
1537 955 1744 1056 refragari,

401 1065 634 1152 propterea,
666 1053 776 1156 quod
801 1054 879 1132 hoc
902 1051 985 1156 ipso
1013 1047 1156 1133 limites
1182 1049 1451 1134 divisibilitntis
1468 1057 1653 1138 materiae
1671 1081 1743 1160 po·

268 1207 277 1222 ·
325 1195 331 1214 '-
366 1219 369 1226 .
403 1171 611 1242 nereniuro

967 1295 1205 1383 Ob'etir'ones.

405 1435 564 1542 §.psi
578 1443 785 1620 Corpus
812 1323 1243 1540 mathematicum,'seu
1265 1463 1365 1541 pura
1387 1439 1562 1522 extensio
1588 1441 1630 1523 in
1658 1443 1743 1524 lon·

677 1565 796 1645 gum,
815 1545 933 1622 latum
960 1541 1262 1646 &profundum
1279 1543 1405 1642 potest
1428 1545 1499 1630 hoc
1519 1545 1674 1624 ratione
1699 1542 1740 1634 in

405 1635 602 1722 infinitum
621 1637 745 1726 dividi
766 1675 779 1748 3
807 1669 903 1746 ergo
920 1671 1001 1726 non
1020 1669 1165 1744 corpus
1183 1641 1396 1750 physicum.
1451 1647 1504 1724 ΙΙ.
1533 1646 1574 1726 si
1590 1668 1740 1746 corpus

405 1740 529 1840 poffet
548 1743 589 1824 in
606 1737 802 1826 infinitum
819 1747 959 1850 dividi,
979 1747 1236 1850 sequeretur:
1252 1745 1441 1825 infinitam
1461 1745 1629 1846 partium
1643 1749 1743 1824 mul·

405 1841 616 1924 titudinem
639 1849 834 1928 contineri
857 1847 898 1930 in
915 1873 1086 1950 corpore
1100 1847 1242 1950 finito,
1271 1845 1383 1948 quod
1401 1845 1550 1928 admitti
1568 1875 1650 1930 non
1669 1871 1741 1948 po·

271 2027 280 2048 ζ
326 2017 330 2024 ,
405 1943 491 2022 test.
544 1951 618 2028 111.
646 1955 890 2053 sequeretur
908 1951 1029 2030 item:
1057 1943 1361 2050 magnitudinem
1377 1949 1570 2030 minimam
1588 1967 1741 2050 totpar-

406 2059 466 2122 tes
490 2048 722 2150 continere,
743 2079 885 2156 nempe
901 2051 1092 2146 infinitas,
1110 2066 1210 2153 quot
1231 2051 1393 2130 maxima
1407 2053 1740 2154 magnitudocon·

408 2143 535 2248 tinet,
564 2175 705 2251 nempe
726 2155 870 2254 pariter
891 2149 1078 2242 infinitas.
1128 2155 1205 2231 IV.
1234 2164 1476 2265 sequeretur
1494 2153 1650 2234 tandem
1670 2153 1740 2232 mi·

408 2249 804 2354 nimamqundratam
830 2244 1076 2356 superficiem
1100 2251 1200 2336 adeo
1224 2251 1347 2334 dividi
1365 2251 1496 2354 poffe,
1524 2272 1568 2334 ut
1583 2253 1761 2348 succre-⁴

408 2350 540 2430 scente
558 2356 726 2454 partium
743 2379 909 2436 numero
927 2353 1124 2432 sufficeret
1139 2355 1211 2446 toti
1235 2357 1352 2455 globo
1375 2375 1587 2458 terraqueo
1605 2371 1740 2455 tegen-

407 2447 486 2563 ¹do?
514 2451 624 2556 quod
650 2455 712 2534 est,
729 2455 970 2558 impossibile.
1017 2461 1079 2536 .V.
1115 2453 1318 2536 Infinitum
1343 2455 1484 2560 nequit
1510 2457 1585 2536 effe
1613 2460 1737 2536 attero

410 2569 532 2648 marus
555 2582 567 2650 ς
592 2555 760 2638 deberet
782 2574 911 2636 autem
938 2551 1038 2652 effe,
1066 2553 1093 2632 sr
1121 2579 1290 2654 corpora
1310 2557 1352 2637 in
1377 2557 1575 2646 infinitum
1603 2557 1738 2638 forent

410 2632 642 2837 diqisrbili23
670 2659 850 2740 eotenus
870 2657 1019 2764 quippe
1037 2657 1171 2755 plures
1188 2657 1349 2738 haberet
1362 2675 1510 2762 partes,
1530 2683 1739 2764 quamarc-

408 2775 460 2832 nu
478 2782 511 2840 at
556 2825 559 2834 .
610 2831 614 2838 .
662 2833 666 2842 ,
714 2827 746 2848 .,
1723 2833 1728 2840 .

512 2851 618 2966 §.gd
648 2869 757 2960 Μ
771 2869 817 2943 t..
837 2862 961 2944 Etiam
980 2885 1125 2964 corpus
1151 2859 1350 2968 physicum
1372 2859 1448 2940 esse
1466 2861 1601 2942 endem
1622 2863 1739 2948 ratio·

408 2977 462 3047 'ne
481 2965 670 3062 divisibile
697 2991 711 3068 3
745 2991 831 3046 nam
858 2967 1010 3044 ratione
1037 2962 1300 3062 extensronis,
1328 2963 1370 3040 in
1396 2989 1472 3064 qun
1501 2965 1738 3046 divifibilitns

409 3067 638 3170 fundatur,
656 3067 760 3146 nulla
782 3067 836 3158 est
855 3065 1077 3146 differentia
1095 3067 1199 3144 inter
1221 3087 1369 3164 corpus
1389 3065 1589 3170 phyfieum
1606 3069 1644 3144 ἃ·
1661 3093 1740 3146 ma·

411 3167 664 3250 thematicum
681 3198 709 3267 3¹
735 3163 908 3268 ideoque
939 3163 1139 3268 quidquid
1168 3163 1219 3242 de
1250 3165 1476 3244 extensrone
1500 3167 1742 3266 praedicatur

412 3285 474 3350 tan
507 3292 595 3346 urm
613 3273 760 3369 genere
769 3321 789 3368 2
804 3267 1046 3366 praedicatur
1062 3263 1177 3344 etiam
1195 3261 1244 3342 de
1261 3263 1364 3344 illius
1380 3265 1606 3370 speciebus,
1632 3295 1740 3349 nem·

410 3395 462 3476 pe
475 3299 526 3458 de
543 3369 770 3451 extenfione
787 3393 863 3472 qua
877 3367 1047 3473 physica,
1069 3366 1434 3482 quamatbematicn.
1484 3373 1534 3446 nd
1550 3380 1595 3448 11.
1616 3371 1741 3452 Aliud

413 3473 489 3573 est,
507 3469 811 3574 magnitudinem
831 3471 973 3550 finitam
990 3469 1185 3548 contineri
1203 3467 1241 3546 in
1258 3465 1368 3546 finita
1386 3469 1674 3570 magnitudine3
1699 3477 1739 3552 dc

413 3573 674 3662 aliudrursus
698 3571 779 3650 est:
815 3571 925 3656 finita
949 3567 1216 3672 magnitudine
1235 3570 1438 3652 *contineri
1464 3591 1617 3672 portet,
1646 3599 1741 3673 quee

413 3701 494 3756 non
514 3676 676 3779 quidem
694 3671 874 3792 physrce,
893 3671 959 3752 sed
977 3697 1048 3787 per
1063 3667 1303 3752 intelleitum
1320 3669 1443 3752 dividi
1464 3687 1611 3790 queant
1631 3669 1671 3750 in
1682 3671 1740 3754 in·

238 3870 246 3885 .
378 3773 1139 3876 .finitum,.&fier11nfiniteexiguae.
1192 3771 1363 3854 Primum
1393 3773 1544 3854 admitti
1560 3797 1643 3852 non
1669 3799 1741 3892 pq-

409 3877 480 3956 test
498 3903 511 3978 3
538 3877 753 3958 secundum
771 3900 868 3958 vero
887 3877 1037 3978 potest:
1062 3871 1348 3976 magnitudines
1374 3876 1522 3980 quippe
1541 3899 1621 3954 non
1640 3877 1738 3958 oestr·

406 3995 561 4060 mantur
589 4003 638 4058 ex
660 3979 742 4058 solo
771 3979 938 4079 partium
958 3987 1145 4058 numero.
1198 3979 1352 4057 Etenim
1381 3993 1534 4058 certum
1562 3977 1616 4056 est
1635 3977 1738 4078 apud

407 4075 705 4184 arithmeticos,
742 4101 1002 4184 quotcunque
1032 4091 1159 4180 partes
1186 4079 1413 4178 magnitudo
1439 4079 1567 4184 aliqua
1593 4081 1738 4158 habere

406 4189 669 4290 concipiatur,
681 4185 1031 4290 quotcunqueillas
1040 4193 1169 4284 partes
1181 4181 1402 4282 seufinitas,
1414 4180 1657 4276 seuinfinitas
1667 4179 1737 4262 suo

1629 4299 1689 4364 to·
