3878 4958
382 479 1395 578 iselbertoXLDltAntnn'eneonnUsltv.
1425 511 1506 590 top

313 684 428 770 Duae
442 685 566 783 guttae
581 695 694 781 aquae
712 691 779 758 aut
796 677 918 774 roris,
936 672 984 752 ,in
1003 672 1110 754 soliis
1127 675 1300 777 arboris,
1334 689 1401 766 aut
1414 671 1456 752 in
1473 672 1551 774 pla-

212 788 276 874 nis
294 788 424 871 minus
438 779 683 862 trahentibus
698 777 853 882 pofitae,
879 778 1054 880 itemque
1073 777 1172 860 duae.
1183 778 1379 866 Mercurii
1400 777 1552 878 puriffi-

211 893 267 972 mi
284 903 430 994 guttae,
456 885 500 964 in
515 883 695 984 laevigata
706 882 837 961 charta
852 887 1047 985 jacentes„
1073 881 1115 960 in
1133 881 1261 982 primo
1278 881 1337 964 sui
1364 875 1548 960 contestu

208 996 321 1073 illico
338 995 656 1095 conjungentur,
683 983 721 1064 dt
739 1009 788 1062 ex
806 981 958 1067 duabus
973 985 1093 1088 guttis
1109 983 1180 1064 fiet
1197 1011 1303 1086 una;
1337 1005 1430 1100 quae
1447 983 1547 1064 sem·-

209 1121 285 1198 per
301 1117 350 1174 eo
368 1091 490 1192 magis
505 1087 672 1168 rotunda
692 1089 779 1186 est,
813 1087 1041 1190 quominus
1065 1115 1086 1166 a
1111 1088 1257 1188 plano,
1294 1111 1360 1167 cur
1384 1083 1546 1182 infrllit,

207 1196 439 1298 attrahitur,
463 1194 644 1290 foretque
659 1191 821 1272 omnino
840 1191 1026 1291 perfetta
1034 1189 1302 1289 rotunditatis,
1327 1187 1401 1268 nifi
1419 1199 1547 1286 partes

209 1299 461 1398 illiusguttae
474 1291 659 1396 giuvitate
678 1293 746 1372 fua
761 1293 944 1374 deorsum
969 1293 1201 1374 niterentur.
1251 1299 1353 1372 Haec
1378 1285 1547 1390 gravitas

150 1425 153 1429 ·
208 1401 326 1482 causa
350 1401 437 1500 est,
474 1410 620 1498 guttam
645 1395 807 1476 inferne
830 1395 1027 1503 paulisper
1050 1392 1258 1496 applanari.
1309 1389 1388 1472 Sed
1412 1413 1545 1494 neque

181 1553 184 1562 ψ
208 1505 300 1584 haec
315 1503 572 1601 phaenomena
587 1513 777 1600 poterunt
792 1499 838 1577 ab
858 1498 1064 1578 exterioris
1084 1494 1294 1600 adjacentis
1314 1493 1415 1575 aeris
1438 1493 1544 1596 pref-

208 1603 319 1684 fsone
334 1603 505 1684 feliciter
518 1599 670 1704 repeti,
694 1627 783 1689 cum
800 1601 915 1682 etiam
937 1600 1008 1684 sub
1030 1624 1214 1701 campana
1229 1601 1362 1683 autlioe
1377 1598 1546 1680 invaria-

173 1703 605 1807 bititercontingant:
655 1709 657 1714 ’

309 1810 379 1888 ΙΧ.
405 1808 463 1891 Sit
481 1833 552 1888 vas
567 1829 650 1887 non
667 1802 833 1887 omnino
850 1829 950 1906 aqua
970 1805 1129 1905 plenum
1151 1809 1191 1886 A
1211 1811 1270 1905 B,
1305 1829 1404 1907 aqua
1420 1795 1468 1879 ad
1493 1799 1546 1878 la·
1561 1795 1635 1874 Tal.
1653 1803 1681 1874 1.

205 1919 292 1984 tera
323 1907 424 1988 ναῦς
448 1909 690 2008 attrahetur,
725 1907 990 2006 formabitque
1008 1906 1257 2006 superficiem
1276 1927 1487 1992 concavam
1503 1907 1545 1982 F.
1557 1905 1619 2006 fig.
1636 1925 1686 1983 2²·

205 2008 471 2094 {mminanrur
487 2009 530 2092 in
549 2015 650 2092 hanc
665 2031 802 2110 aquam
822 2007 903 2088 duo
926 2009 1035 2108 globi
1052 2006 1169 2088 vitrei
1190 2011 1307 2108 cavi,
1342 2021 1384 2088 ut
1402 2027 1544 2104 nempe

204 2109 481 2210 supernatent3
510 2115 607 2191 alter
625 2116 658 2193 C
675 2109 919 2210 pinguedine
933 2111 1124 2192 infetlus:
1159 2112 1258 2188 alter
1274 2133 1374 2192 vero
1393 2113 1435 2192 D
1453 2106 1544 2186 niti·

205 2208 294 2291 dus
348 2213 550 2296 Globus·C
568 2217 620 2294 ob
644 2209 969 2312 impedimentum
995 2211 1249 2314 pinguedinis
1275 2238 1359 2292 non
1381 2211 1544 2289 attrahet

207 2337 373 2412 aquam,
397 2311 568 2415 ideoque
582 2317 624 2395 in
640 2337 688 2394 en
703 2331 835 2394 natans
848 2313 1020 2396 sonutam
1038 2323 1073 2399 E
1092 2321 1128 2396 G
1145 2313 1393 2414 efformabit3
1426 2325 1461 2390 at
1475 2333 1543 2392 ve-
1665 2401 1669 2410 ,

167 2447 183 2490 ι
203 2431 259 2489 ro
276 2413 416 2513 globus
429 2417 472 2494 D
490 2415 639 2500 nitidus
655 2441 790 2519 equam
808 2417 1089 2524 inperipheria
1106 2417 1173 2502 sua
1190 2421 1281 2502 EG
1297 2413 1480 2516 attrahet,
1496 2427 1542 2498 ut

207 2513 259 2593 ad
275 2515 386 2616 globi
406 2517 523 2598 latera
538 2519 653 2602 altius
666 2519 858 2599 ascendat.
1604 2529 1608 2536 ’

310 2618 351 2695 Si
375 2619 515 2718 globus
532 2623 573 2702 D
599 2647 682 2704 non
713 2622 757 2702 frt
782 2619 950 2703 nimium
977 2637 1149 2705 remotus
1171 2649 1192 2700 a
1217 2618 1316 2700 valis
1332 2619 1542 2720 lateribus,

203 2723 344 2822 junget
361 2723 401 2798 fe
417 2721 540 2800 lateri
556 2725 652 2805 vafrs
669 2724 712 2803 in
733 2741 841 2824 parte
864 2727 900 2804 Z
919 2749 931 2820 ς
966 2727 1058 2828 quia
1083 2748 1227 2825 nempe
1253 2723 1396 2823 globus
1419 2725 1461 2806 D
1490 2723 1543 2810 ob

165 2877 170 2888 .
192 2823 406 2922 vexpulsam
424 2823 498 2902 suo
516 2847 539 2900 e
558 2825 647 2906 loco
664 2851 801 2926 aquam
820 2825 1027 2924 aequaliter
1042 2825 1237 2924 premitur
1253 2824 1361 2904 omni
1384 2847 1433 2902 ex
1459 2849 1544 2922 par·

205 2936 245 3002 te
263 2926 449 3027 abaqua,
472 2925 604 3006 minus
621 2940 750 3003 tamen
768 2949 816 3001 ex
834 2935 942 3022 parte
958 2929 1017 3028 Z3
1043 2950 1131 3006 cum
1148 2923 1206 3006 vis
1223 2923 1319 3021 illa,
1351 2951 1433 3026 qua.
1445 2951 1545 3027 aqua

117 3117 120 3123 Ι
205 3023 354 3104 ibidem
372 3027 573 3127 elevatur,
587 3027 718 3106 'tollat
736 3050 809 3126 pro
823 3041 932 3126 parte
949 3029 1182 3130 preliionem
1205 3026 1340 3129 illam7
1372 3025 1545 3131 ideoque

174 3163 182 3174 ¹
207 3129 350 3228 preffio
367 3127 526 3210 alterius
543 3127 661 3229 partis
681 3127 950 3232 xpraevatet,
983 3129 1201 3230 &globum
1217 3125 1265 3207 ad
1285 3129 1433 3214 latusZ
1451 3155 1542 3232 pro-

207 3229 349 3332 pellit,
381 3228 515 3310 donec
539 3232 682 3331 globus
700 3235 741 3316 D
753 3229 876 3310 ‚lateri
895 3231 1094 3329 proximus
1111 3247 1192 3312 tum
1209 3231 1257 3310 ab
1272 3230 1404 3312 altiori
1420 3259 1543 3338 aqua,

207 3347 294 3440 tum
309 3361 333 3412 a
347 3333 469 3413 latere
485 3335 581 3414 vafrs
598 3349 705 3414 motu
727 3333 946 3414 accelerato
956 3335 1108 3416 feratur
1126 3363 1136 3412 a
1170 3335 1310 3435 globus
1328 3352 1456 3416 autem
1482 3336 1542 3414 in*

194 3433 355 3515 'unctus
368 3439 401 3516 C
416 3437 555 3515 versus
576 3434 751 3514 medium
766 3435 864 3514 vafrs
880 3435 1026 3538 abibit,
1051 3437 1144 3539 quia
1162 3460 1327 3536 nempe,
1352 3460 1441 3514 curn
1459 3436 1541 3534 glo-

209 3537 283 3618 bus
299 3537 366 3613 illa
383 3535 429 3613 ab
449 3563 547 3638 aqua
564 3563 645 3618 uon
662 3537 836 3616 trahatur
851 3587 865 3634 5
899 3539 1064 3621 naturali
1082 3539 1149 3620 fua
1164 3539 1353 3638 gravitate
1371 3551 1475 3636 petet
1498 3537 1540 3616 in

208 3636 423 3740 superficie
441 3659 617 3718 concava
633 3657 747 3742 aquae
765 3637 1062 3741 profundiorem
1083 3643 1239 3742 locutu,
1272 3661 1356 3720 non
1371 3639 1541 3733 verole-

176 3753 291 3822 tere
306 3739 405 3819 vafis
450 3739 523 3820 ubi
542 3767 641 3842 aqua
656 3737 770 3820 altior
785 3741 853 3820 est.
1492 3819 1496 3832 ,

174 3887 179 3893 ·
311 3789 431 3948 Quod
451 3839 480 3920 fi
499 3857 670 3943 uterque
687 3839 828 3940 globus
841 3841 1026 3926 inunum
1042 3843 1126 3946 est,
1163 3841 1259 3922 dum
1278 3839 1404 3930 vicini
1429 3841 1541 3945 sunt,

208 3956 345 4024 mutuo
367 3943 463 4022 sese
481 3959 616 4048 petent
631 3971 645 4044 3
677 3942 772 4045 quia
786 3945 974 4026 nimirum
990 3969 1039 4024 ex
1055 3943 1208 4046 duplici
1228 3942 1392 4044 folfula,
1422 3971 1537 4048 quam

209 4048 349 4146 globus
363 4057 533 4160 uterque
552 4070 664 4149 aquae
682 4047 898 4147 imprelfrt,
933 4043 1004 4125 fiet
1031 4071 1137 4132 una:
1175 4044 1346 4150 ideoque¹
1370 4043 1540 4128 naturali

208 4148 275 4230 fua
292 4147 479 4248 gravitate
494 4150 536 4226 in
553 4173 637 4228 eam
657 4143 908 4230 descendent.

310 4251 359 4330 X.
391 4251 440 4333 ln
462 4251 552 4334 uase
576 4251 737 4354 prorsus
754 4252 981 4432 plengfrmo
1004 4251 1189 4336 formabit
1214 4275 1343 4358 aqua,
1380 4266 1544 4434 ppopter
1561 4261 1638 4339 Tel.
1659 4267 1700 4340 ll.

919 4377 943 4456 3
1245 4366 1247 4372 ¹
1429 4381 1495 4434 ω’
1553 4369 1662 4470 Figulo
