3900 4956
400 635 419 648 ..
454 541 506 622 74
976 523 1204 607 ⁴Sucrrortts
1236 525 1271 606 Ι.

411 704 665 790 tililiimarum
679 709 957 807 particularum
982 704 1359 810 configurationem.
1421 711 1497 788 Per
1516 709 1671 792 easdem
1692 706 1752 795 ti-

411 811 464 892 tri
480 807 696 892 vacuitates
714 811 872 893 effluvio
899 807 1117 916 magnetica
1141 829 1349 912 penetrant
1368 837 1381 912 ς
1408 813 1523 890 trahit
1542 815 1646 894 enim
1673 839 1751 894 ma-

414 936 509 1018 gnes
525 913 720 995 mediante
737 914 843 994 vitro
860 914 942 992 chal
975 917 1076 993 bem.
1129 917 1215 994 Imo
1232 914 1333 995 vitra
1352 915 1491 994 colore
1502 913 1749 1018 imbuuntur,

416 1039 498 1096 non
515 1033 665 1097 tanturn
682 1020 862 1098 haerente
877 1013 919 1096 in
934 941 1170 1118 daparfieie,
1199 1015 1265 1095 secl
1283 1017 1399 1126 etiam
1418 1013 1459 1094 in
1476 1015 1665 1096 interiora
1681 1021 1751 1124 de-

383 1150 385 1159 ¹
416 1119 654 1218 scendente,
682 1120 793 1224 quod
815 1119 896 1200 stne
914 1141 1108 1236 pororum
1134 1117 1373 1233 reserattone
1398 1143 1598 1222 nunquam
1615 1123 1752 1199 eveni-

416 1236 509 1301 ret:
538 1220 653 1302 Vitra
669 1237 863 1324 teguntur
885 1220 1133 1301 mrneralibus
1158 1237 1391 1323 pigmenus,
1409 1243 1454 1298 ac
1469 1221 1751 1322 superponitur

417 1325 577 1402 stratum
601 1325 780 1402 contusae
804 1321 955 1420 calcis,
989 1347 1062 1422 per
1087 1317 1237 1425 aliquot
1261 1325 1376 1402 horas
1408 1322 1634 1404 vehementi
1657 1321 1751 1429 igne

418 1439 638 1504 crematum
653 1423 823 1525 vitrum,
851 1425 1025 1502 colorem
1045 1419 1308 1504 indelebiliter
1322 1423 1522 1505 retinebit.

271 1611 273 1618 ,
381 1601 384 1607 ,
488 1529 586 1606 VII.
615 1530 743 1626 Super
756 1517 885 1626 lapide
895 1520 1176 1625 Chalcedonio,
1193 1525 1507 1628 aliasdurisIrmo,
1525 1523 1752 1625 soliexpofi·

295 1659 310 1684 ·-
421 1643 465 1706 to
486 1625 700 1707 affunditur
717 1625 858 1706 solutio
874 1627 1057 1730 argenti,
1091 1621 1189 1705 satta
1210 1629 1249 1708 in
1274 1627 1411 1731 spiritu
1431 1625 1524 1708 nitri
1541 1653 1554 1730 3
1581 1627 1667 1730 post
1684 1625 1750 1702 ali-

421 1743 525 1831 quot
547 1732 659 1809 horas
680 1729 790 1808 tusco
816 1732 953 1808 colore
981 1728 1179 1831 tingetur,
1208 1729 1278 1834 qui
1299 1731 1413 1808 color
1438 1729 1478 1808 in
1497 1727 1652 1809 venulis
1673 1727 1749 1808 erit

420 1831 541 1934 magis
556 1830 817 1932 conspicuus,
843 1855 988 1931 nempe
1005 1831 1057 1909 ob
1071 1831 1311 1932 patentiores
1329 1833 1562 1911 venularum
1578 1851 1714 1946 poros.

421 1941 424 1948 '
471 1937 586 2015 VIII.
603 1931 1751 2040 Duriffimummarmor,praesertimfipraeviepumrcepau·

421 2035 543 2135 lisper
555 2035 712 2115 radatur
727 2059 772 2112 ac
791 2035 970 2134 calefiat,
988 2033 1231 2132 transmittit,
1246 2035 1420 2136 spiritum
1436 2033 1543 2134 vini,
1567 2031 1748 2148 spiritum

422 2137 684 2238 terpentinae,
715 2137 753 2215 δε
769 2135 955 2250 liquatam
970 2158 1128 2234 ceram3
1181 2135 1304 2240 Quod
1323 2136 1500 2240 sritaque
1514 2135 1672 2236 spiratus
1690 2136 1750 2214 vi·

422 2238 464 2320 ni
482 2256 549 2322 aut
565 2233 672 2344 ligno
693 2239 929 2336 Brasrltensr,
958 2253 1023 2318 aut
1047 2255 1198 2339 croco,
1217 2251 1284 2316 aut
1310 2233 1509 2340 solsequiis
1529 2240 1604 2319 dac.
1626 2233 1749 2340 tinga·

422 2353 513 2443 tur,
537 2341 653 2420 variis
669 2341 871 2440 coloribus
887 2364 961 2440 pro
980 2337 1165 2418 tintbrrae
1191 2339 1345 2420 ratione
1374 2338 1602 2437 imbuetur,
1629 2353 1748 2443 atque

423 2437 516 2522 inde
534 2442 667 2522 demo
690 2443 837 2540 poterit
857 2443 1027 2520 marmor
1040 2457 1198 2518 retento
1217 2441 1355 2521 colore
1368 2441 1485 2539 poliri
1503 2465 1515 2543 3
1543 2465 1660 2546 quam
1678 2465 1749 2541 po-

417 2543 601 2624 litionem
620 2565 790 2622 marmor
808 2567 887 2622 non
904 2545 1017 2624 sacile
1034 2540 1199 2643 recipit,
1216 2540 1376 2621 sivariis
1394 2543 1612 2622 animalium
1632 2542 1745 2638 oleis,

417 2669 521 2827 lquae
547 2644 709 2750 quidem
741 2641 857 2725 etiam
891 2667 1011 2749 poros
1044 2643 1246 2724 marmoris
1268 2657 1501 2750 penetrant,
1528 2644 1653 2726 suerit
1679 2643 1747 2722 im-

446 2761 571 2828 utum.
1724 2783 1731 2800 ·

486 2855 559 2930 ΙΧ.
582 2843 738 2933 Vornix
753 2845 1342 2952 conficiturexgummilacca&
1364 2847 1501 2950 spiritu
1512 2849 1595 2930 vini
1605 2849 1753 2930 adnixa

423 2967 463 3032 ta
478 2952 668 3056 fuligine,
687 2971 754 3032 aut
771 2950 998 3053 simplicius,
1026 2975 1075 3029 ex
1098 2973 1190 3030 cera
1208 2950 1465 3053 obligrratoria
1488 2951 1681 3056 contrita,
1708 2951 1751 3032 in

425 3053 564 3150 spiritu
580 3053 663 3133 vini
684 3053 732 3130 ad
762 3056 890 3134 lenem
911 3053 1042 3167 ignem
1070 3051 1221 3150 soluta3
1248 3054 1325 3130 hoc
1350 3050 1514 3131 vernice
1532 3049 1751 3154 pinguntur

428 3179 606 3258 quaeque
630 3153 776 3253 figurae
799 3152 841 3234 in
868 3155 993 3251 polito
1015 3175 1238 3252 marmore,
1263 3153 1301 3230 da
1329 3151 1592 3254 permittitur,
1621 3154 1752 3233 donec

404 3255 570 3336 ‘vernix
585 3255 783 3334 siccetur:
810 3270 894 3333 tum
921 3254 1092 3332 mintura
1117 3277 1170 3331 ex
1196 3267 1308 3334 aceto
1335 3255 1583 3334 destillato&
1614 3253 1751 3354 spiritu

427 3356 511 3436 salis
539 3353 653 3438 acido
676 3353 997 3458 superfunditur,
1027 3355 1156 3434 oritur
1177 3354 1499 3460 effervescentia,
1522 3355 1560 3434 δι
1585 3381 1753 3455 marmor

428 3481 474 3541 ea
489 3480 633 3562 parte,
663 3483 741 3561 qua
769 3457 894 3536 aditus
924 3459 980 3536 est
1002 3452 1203 3557 affulioni,
1232 3461 1382 3537 celatur
1409 3479 1459 3536 eo
1486 3457 1750 3559 profundius,

427 3579 508 3668 quo
528 3561 672 3664 saepius
700 3556 834 3638 affufio
860 3559 985 3641 suerit
1005 3559 1201 3659 repetita3
1256 3557 1408 3640 Arrodi
1428 3573 1557 3638 autem
1583 3583 1753 3640 marmor

425 3689 508 3746 non
522 3663 669 3764 pollet,
695 3661 764 3743 nist
778 3660 842 3740 via
865 3675 1018 3764 pateret
1033 3657 1254 3761 liquoribus
1279 3660 1594 3764 subingrediendi
1612 3687 1748 3764 poros.

510 3771 563 3844 X.
590 3771 753 3846 Paratur
776 3762 911 3867 liquor'
929 3785 979 3841 ex
1005 3774 1117 3852 aceto
1144 3761 1333 3842 destillato
1350 3762 1388 3840 dt
1403 3762 1615 3868 argyritide
1631 3767 1751 3867 vulgo

426 3864 653 3965 &illerum
667 3867 745 3944 hoc
762 3887 851 3946 cum
870 3866 1027 3970 liquore
1051 3861 1269 3942 scribantur
1295 3861 1529 3970 quicunque
1556 3865 1752 3946 charaeta-

410 3991 519 4068 res3
551 3965 699 4047 siccatis
730 3965 1018 4048 char-atteribus
1051 3965 1202 4042 nullum
1237 3965 1454 4065 scriptionis
1477 3965 1681 4070 vestigium
1710 3971 1752 4050 in

417 4069 549 4148 charta
567 4067 794 4174 apparebit:
820 4113 825 4120 ·
850 4073 949 4148 Mox
970 4067 1215 4170 deponantur
1240 4067 1370 4184 scripti
1392 4068 1632 4150 characteres
1650 4069 1753 4150 intra

417 4169 558 4254 librum
577 4173 749 4276 plurium
765 4172 980 4268 soliorum,
1007 4168 1121 4266 cujus
1137 4168 1226 4247 libri
1246 4188 1435 4251 extimum
1451 4171 1589 4254 solium
1608 4195 1753 4275 perun·

417 4289 531 4378 gatur
548 4276 670 4360 altero
683 4275 848 4378 liquore
864 4295 914 4352 ex
933 4272 1018 4352 vira
1037 4269 1160 4374 calce,
1181 4271 1493 4376 auripigmento,
1517 4275 1562 4355 dr
1578 4299 1752 4390 commu-

1661 4399 1705 4458 nt
