3782 4958
422 483 540 587 '414
757 499 760 509 ’
829 479 833 484 ’
906 455 1215 567 ιδεετιοιης
1267 483 1320 566 11.

283 709 287 718 ·
421 669 473 750 {ti
502 659 676 770 paralleli
700 660 864 744 abibunt
889 659 937 742 ad
961 666 1112 746 tertiam
1140 665 1285 749 lentem
1310 671 1421 750 MN:
1457 695 1505 752 en
1530 674 1618 756 MN
1638 669 1743 750 deni-

417 796 498 877 que
524 768 794 867 refringantur
818 765 917 846 radii
941 765 1144 849 adsocum
1173 776 1231 873 E,
1257 773 1309 852 ita
1327 787 1373 854 ut
1397 775 1479 856 EN
1505 773 1551 854 fit
1573 782 1673 876 0133
1705 773 1743 851 id

262 927 267 940 .
420 877 500 975 est,
527 869 725 973 objeflum
750 869 793 946 in
817 873 851 952 Ε
879 871 1216 954 connaturalium
1235 875 1571 976 repraesentetur·
1603 878 1743 980 Magni·
1857 895 1858 898 ‘

253 1031 260 1044 .
418 976 517 1060 tudo
545 969 686 1074 objecti
721 995 793 1072 per
816 969 893 1052 tale
919 971 1201 1076 Telescopium
1230 1001 1442 1080 apparens,
1467 980 1617 1060 crescet
1638 981 1744 1060 inra-

420 1082 532 1162 tione
561 1071 754 1156 distantiae
776 1077 868 1174 ΕΞ,
895 1069 943 1149 ad
969 1071 1184 1156 distantiam
1211 1083 1318 1181 RU3
1346 1081 1475 1186 itaque
1493 1077 1592 1163 *cum
1617 1083 1744 1164 eadem

305 1201 307 1208 ⁴
421 1181 521 1264 ratio
547 1179 592 1258 lit
617 1175 695 1256 soci
721 1179 805 1276 ES,
829 1195 922 1278 quae
940 1175 997 1254 est
1021 1179 1104 1282 IQ,
1131 1173 1178 1255 ad
1195 1179 1326 1261 sucum
1344 1183 1745 1285 RU7⁴videbiturob

416 1284 565 1388 iustum
591 1279 633 1360 in
663 1275 798 1355 eadem
823 1275 1117 1389 magnitudine,
1142 1305 1216 1384 qua
1237 1281 1463 1384 videretur,
1488 1285 1689 1370 sisublatis
1704 1313 1746 1372 ex

418 1389 497 1467 hoc
517 1380 731 1482 telescopio
758 1379 934 1460 terrestrr
961 1377 1112 1460 duabus
1135 1380 1303 1466 lentibus
1325 1385 1521 1487 prioribus
1547 1394 1627 1472 S&
1648 1399 1744 1475 Xte-

418 1484 630 1588 lescopium
656 1481 959 1563 astronomicum
987 1478 1155 1563 duarum
1172 1484 1337 1567 lentium
1356 1487 1572 1571 adhiberes
1623 1495 1748 1576 Solent

417 1606 545 1674 autem
571 1601 650 1666 tres
672 1583 823 1684 priores
849 1583 975 1661 lentes
1010 1583 1051 1662 in
1077 1609 1171 1664 uno
1192 1589 1275 1668 tubi
1301 1591 1467 1672 articulo
1494 1593 1608 1677 simul
1633 1597 1745 1678 conti-

418 1691 535 1792 neri3
572 1687 678 1795 quod
706 1685 733 1764 sr
758 1711 831 1788 per
856 1701 935 1766 tres
961 1687 1137 1764 oculares
1161 1686 1313 1793 lentes„
1345 1709 1494 1774 remota
1519 1697 1631 1781 lente
1652 1701 1750 1800 obje-

418 1795 547 1894 sliva,
572 1791 740 1872 celatura
767 1785 885 1890 figilli
918 1785 1149 1892 aspiciatur,
1183 1791 1424 1876 videbuntur
1447 1797 1661 1884 incifiones
1685 1801 1747 1880 mi·

416 1895 532 1979 rabili
556 1892 719 2002 quadam
745 1889 1040 1988 metamorphosr
1065 1890 1107 1972 in
1135 1891 1365 1978 eminentias
1387 1905 1640 1986 commutari.

244 2009 368 2080 ggm.
527 2001 764 2098 Minolcupium
791 1993 847 2074 est
866 1992 1195 2109 instrumentum,
1221 1996 1329 2102 quod
1347 2000 1489 2102 exigua
1504 2007 1661 2108 ouJeeta
1675 2035 1743 2086 ma·

237 2105 386 2213 [copiam.
415 2095 839 2207 jori,distinttiortqne
864 2115 1034 2194 imagine
1057 2100 1323 2196 repraesentat
1381 2104 1475 2187 Alia
1496 2109 1745 2212 microscopia

408 2215 563 2314 fimpltcia
583 2204 670 2282 sunt
695 2225 774 2280 una
798 2193 1046 2312 solummodo
1074 2198 1182 2280 lente
1209 2205 1421 2286 constantia
1439 2207 1465 2286 τ’
1486 2209 1561 2290 alia
1581 2221 1745 2332 campestra,

445 2333 510 2390 uae
535 2305 714 2410 pluribus
739 2327 788 2382 ex
813 2297 986 2381 lentrbus
1011 2324 1318 2406 componuntur3
1347 2308 1410 2388 hae
1428 2323 1558 2392 tamen
1577 2313 1631 2398 ita
1647 2334 1747 2398 mter

417 2337 459 2489 ic
486 2407 800 2508 coordinantur,
832 2419 880 2485 ut
900 2401 987 2480 lens
1013 2403 1157 2484 extima
1180 2407 1372 2510 objectiva
1398 2411 1560 2494 minime
1586 2419 1746 2522 sphaerae

418 2513 466 2592 sit
490 2511 745 2614 segmentum.
813 2513 947 2610 simplex
972 2505 1275 2610 microscopium
1303 2526 1417 2614 auget
1437 2517 1745 2618 magnitudinem
1858 2587 1859 2590 a

418 2631 670 2720 apparentem
698 2609 844 2712 objetti
874 2609 918 2688 in
945 2606 1097 2689 ratione
1123 2607 1316 2693 distantiae
1342 2613 1423 2696 soci
1456 2617 1506 2695 ad
1531 2617 1743 2703 distantiam

419 2717 518 2818 loci,
542 2717 584 2797 in
609 2742 692 2821 quo
716 2711 913 2815 objettum
941 2711 1127 2827 collocari
1153 2711 1341 2818 deberet,
1366 2733 1410 2800 ut
1437 2719 1603 2823 simplici
1632 2721 1744 2807 oculo
1858 2791 1859 2816 ,

415 2819 596 2901 distinste
629 2817 759 2900 rideri
791 2818 932 2919 poffit3
977 2837 1067 2916 quta
1098 2829 1226 2918 itaque
1259 2819 1497 2918 experientia
1530 2823 1744 2926 docemur,
1858 2845 1859 2848 ‘

416 2923 616 3022 objectum
641 2920 688 3000 ad
715 2919 803 3002 osto
827 2917 1045 3019 digitorum
1065 2915 1282 3001 distantiam
1306 2921 1353 2998 ab
1372 2927 1493 3006 oculo
1517 2928 1674 3011 valente
1691 2928 1741 3005 di-

417 3023 559 3106 stinile
580 3025 762 3130 percipi,
788 3023 885 3104 hinc
902 3016 1208 3131 ,microscopium
1236 3023 1400 3126 simplex
1425 3025 1655 3114 diametrum
1679 3031 1739 3110 ob·
1857 3023 1859 3054 ⁸

416 3124 508 3227 jetti
545 3129 703 3232 augebit
737 3126 781 3208 in
813 3125 974 3235 ratione·
995 3117 1188 3236 drstantiae
1222 3127 1301 3209 soci
1328 3127 1424 3232 sui,
1457 3130 1505 3210 ad
1533 3132 1741 3217 distantiam

247 3227 510 3330 Taffllosto
533 3227 755 3334 digitorum.
846 3225 903 3306 Sit
934 3221 1113 3338 distantia
1151 3225 1235 3309 soci
1257 3239 1375 3334 AO,
1411 3234 1479 3314 seu
1504 3235 1743 3319 semidiame-

243 3343 308 3452 ῥὶς,
329 3351 362 3432 3.
418 3349 500 3414 trus
534 3333 651 3414 lentis
684 3341 716 3432 {-
742 3328 885 3431 digiti,
917 3324 1142 3406 habebere
1167 3331 1362 3436 obJettum
1388 3337 1477 3414 MN
1503 3337 1551 3416 ad
1576 3341 1676 3442 EF,
1703 3353 1745 3420 ut

415 3449 444 3536 g
472 3434 519 3513 acl
546 3435 656 3536 otio,
682 3435 750 3514 seu
774 3447 960 3512 uturum
988 3427 1037 3506 ad
1064 3427 1262 3514 sedecim:
1314 3433 1446 3537 Igitur
1465 3441 1541 3523 EF
1563 3439 1610 3519 ad
1638 3445 1744 3544 MN,

415 3553 457 3619 ut
485 3537 654 3616 sedecim
681 3533 728 3614 ad
744 3559 892 3638 unum,
916 3530 957 3612 id
976 3533 1054 3634 est,
1070 3530 1281 3619 diametrus
1306 3537 1448 3642 objecti
1476 3567 1668 3646 apparens
1683 3541 1743 3622 de-

418 3643 498 3720 cies
523 3638 648 3719 sexies
672 3641 795 3740 major
809 3634 1028 3739 apparebit,
1044 3661 1157 3738 quam
1175 3637 1221 3718 fit
1240 3639 1452 3724 diametrus
1468 3647 1593 3726 realis.
1637 3644 1740 3727 Ideo·
1857 3639 1859 3720 l

248 3757 254 3766 .
413 3767 493 3922 quse
520 3740 731 3925 digmegus
755 3763 944 3925 aptparens
975 3743 1061 3920 {lg
1082 3763 1133 3922 {t}
1144 3743 1276 3922 1rJnagis
1302 3740 1584 3930 expedetffliis
1605 3751 1661 3868 'in
1688 3773 1743 3932 og
1857 3799 1859 3846 r

417 3867 1053 4052 iiiiiilmilrsrorrffliqtiienilurtiiens
1068 3944 1090 4020 s
1085 3943 1189 4022 uerit
1197 3861 1744 4057 7miiruoiisoscpiheelreinstel{mpiin·

418 4063 514 4149 tum,
527 4077 575 4132 eo
591 4043 1168 4163 plusaugebitmagnitudinem
1179 4049 1321 4150 objetti
1338 4069 1597 4154 apparentem.
1628 4060 1745 4140 Exin-

418 4147 471 4228 de
497 4154 604 4250 fluit,
630 4151 785 4250 quodsi
812 4149 1059 4260 microscopu
1087 4145 1170 4224 lens
1197 4151 1600 4264 neptuno-convexa,
1626 4159 1744 4261 duplo

415 4253 545 4342 minus
570 4251 766 4356 objeslum
791 4248 969 4352 augebit,
996 4269 1108 4352 quam
1135 4247 1165 4328 fi
1188 4253 1275 4335 lens
1297 4257 1744 4367 foretutraqueaxpar·
1858 4321 1859 4326 a

1657 4384 1697 4448 le
