3900 4956
396 467 448 540 14
788 451 1102 529 Pnoiaoonriiua
1152 453 1349 538 Pnisicn.

339 627 528 736 Quamvis
543 629 649 710 enini
662 627 838 730 posiibile
853 631 920 732 sit,
947 645 993 710 ut
1010 633 1094 712 talis
1106 647 1208 718 rotae
1224 639 1471 720 commotioa
1487 644 1599 722 causa
1617 645 1701 726 hac.

338 753 481 828 nempe
510 731 762 813 trituratione
795 733 1183 838 boumproveniat,
1218 742 1341 841 reipsa
1368 759 1496 822 tamen
1525 745 1570 822 ab
1605 746 1687 826 aliis

338 833 463 930 caiisis
482 835 684 936 provenit,
705 859 847 947 nempe
867 837 914 916 ab
932 861 1048 938 aqua,
1068 840 1134 917 vei
1156 859 1294 920 vento.
1349 843 1466 924 Unde
1482 869 1689 948 argumen-

339 937 434 1017 tatio
451 936 683 1038 apraecipiti
699 934 848 1035 iudicio
866 937 1044 1039 profetia
1058 958 1394 1042 argumentantem
1413 947 1535 1026 fallet.
1589 955 1689 1030 Haec

338 1039 459 1141 igitur
478 1038 602 1138 prima
622 1039 758 1141 regula
784 1040 1034 1122 Neutoniana
1066 1042 1304 1150 hypotheses
1326 1047 1443 1148 longe
1463 1049 1688 1150 proscribit,

338 1163 473 1322 neque
490 1143 574 1224 vult
593 1163 643 1222 ex
660 1139 748 1245 ipsis
778 1157 1004 1244 argumenta
1025 1167 1108 1256 pro
1129 1143 1381 1250 assignatione
1406 1151 1606 1240 pausarum
1626 1151 1691 1234 de·

361 1266 456 1324 uini.

178 1461 331 1566 Hypvlltl·
359 1519 364 1530 .
448 1452 545 1532 VII.
573 1445 638 1524 Est
651 1457 782 1526 autem
810 1439 1033 1553 hypothefis
1058 1479 1068 1530 τ
1096 1452 1277 1554 affiamptum
1295 1457 1453 1561 quoddam
1480 1453 1694 1550 arbitrarium,

177 1569 223 1644 iss.
349 1555 533 1668 oeriffioiile,
558 1580 597 1626 ex
612 1579 676 1654 quo
693 1553 834 1648 offellus,
868 1555 911 1626 to
929 1559 1122 1646 phaenomena
1136 1556 1337 1658 probabiliter
1364 1569 1525 1632 oriantur.
1579 1553 1696 1633 Possi-

350 1655 478 1736 bilitas
506 1652 633 1732 causae
662 1673 733 1748 per
766 1648 968 1751 assumptas
991 1653 1057 1732 has
1081 1657 1314 1764 hypotheses
1339 1653 1546 1736 innotescit
1573 1681 1585 1755 3
1630 1655 1697 1736 sed

355 1752 590 1862 quidinde,
616 1751 725 1830 sime
744 1775 839 1832 vera
862 1751 901 1830 δι
929 1757 1043 1837 realis
1064 1759 1174 1840 causa
1198 1759 1314 1840 lateat
1335 1763 1349 1835 i
1385 1759 1422 1836 δι
1448 1757 1476 1834 si
1503 1779 1580 1834 una
1604 1779 1697 1838 curn

353 1855 557 1964 hypothesi
574 1852 682 1934 aliam
698 1879 771 1953 pro
787 1855 857 1934 alia
874 1855 987 1934 caiisa
1012 1853 1208 1960 designem
1226 1865 1243 1940 2
1296 1855 1416 1964 Quod
1436 1856 1463 1936 si
1480 1858 1588 1936 nullo
1605 1873 1696 1956 apto

356 1957 650 2056 experimento,
671 1959 709 2036 δι
726 1957 877 2038 ratione
896 1959 1009 2036 causa
1053 1961 1278 2041 haenomeni
1298 1973 1418 2063 queat
1434 1955 1485 2037 de
1513 1958 1695 2058 rehendi,

218 2129 224 2146 .
358 2061 473 2142 satius
490 2059 614 2138 suerit
632 2057 887 2160 ignorantiam
903 1987 1071 2139 candile
1085 2061 1290 2162 profiteri,
1318 2056 1480 2164 quamsi
1521 2061 1613 2140 ione
1632 2084 1701 2138 no·

363 2183 502 2243 varum
523 2161 790 2265 hypotheseon
811 2187 831 2239 a
859 2185 1021 2276 gravare
1042 2163 1091 2258 ph
1122 2161 1235 2242 sicani
1255 2161 1468 2242 scientiam.
1519 2157 1699 2240 Fortassis

359 2289 448 2344 curii
468 2261 671 2364 progressu
688 2263 804 2362 huius
822 2187 999 2344 slientiae
1021 2189 1261 2367 effulgebunt
1285 2263 1377 2342 olim
1399 2264 1586 2364 clariora,
1608 2283 1701 2366 quae

357 2365 477 2445 hodie
490 2363 595 2442 inter
611 2361 745 2470 ignota
761 2363 1008 2444 delitescunt.
1071 2367 1118 2444 In
1134 2364 1397 2467 produltione
1424 2381 1552 2444 autem
1581 2387 1702 2464 eripe·

363 2467 736 2548 rimentoruirrcitra
751 2463 1058 2548 controversiam
1076 2466 1207 2548 valere
1223 2467 1341 2547 debet
1352 2466 1530 2544 virorum
1540 2465 1700 2544 illorum

205 2619 207 2625 2
356 2567 591 2666 authoritas,
621 2567 690 2671 qui
715 2567 988 2671 praejudiciis,
1016 2569 1055 2648 liz
1083 2566 1318 2670 passionibus
1349 2565 1498 2668 erepti,
1526 2563 1701 2667 optimis·

361 2695 442 2778 que
458 2667 579 2767 adjuti
601 2667 889 2770 instiuinentis,
916 2671 1060 2773 longo,
1086 2685 1269 2752 accurato
1300 2693 1353 2752 ue
1369 2672 1439 2748 usu
1458 2667 1702 2772 experimen·

358 2779 472 2854 talem
492 2769 770 2870 Philosophiam
781 2770 989 2853 coluerunt
1008 2799 1021 2874 3
1057 2779 1210 2854 Horum
1230 2699 1493 2850 tellimonium
1514 2769 1563 2850 de
1583 2789 1701 2869 expe·

358 2871 537 2956 timentis
559 2872 635 2952 ase
649 2870 759 2952 saltis
778 2895 827 2952 eo
845 2897 1012 2954 numero
1031 2875 1165 2954 haberi
1187 2873 1320 2976 debet,
1341 2895 1387 2952 ac
1409 2871 1435 2950 si
1457 2872 1704 2952 anobismet·

359 2977 447 3079 ipsis
465 2999 510 3054 ea
526 2972 647 3053 essent
665 2973 932 3077 experimenta
958 2990 1176 3077 pertentati
1192 3001 1205 3077 3
1233 2975 1452 3080 praeseitini
1470 2975 1498 3054 si
1514 2991 1558 3050 ea
1569 2995 1707 3052 corani

364 3077 544 3182 pluribus
574 3075 697 3152 acutis
723 3073 876 3157 arbitris
901 3079 977 3156 esse
1002 3079 1043 3160 iii
1069 3081 1243 3158 medium
1265 3079 1373 3156 allata
1399 3092 1703 3173 memorentur,

361 3191 427 3260 aut
444 3177 472 3257 si
490 3197 639 3277 unum,
670 3179 887 3260 alterumve
905 3179 1064 3258 iliorum
1091 3183 1224 3260 nostro
1241 3176 1287 3256 sit
1304 3176 1479 3254 examine
1494 3177 1570 3272 jani
1597 3197 1704 3252 com-

360 3283 582 3382 probatum.
634 3279 715 3358 Illis
734 3283 880 3384 quippe
898 3303 969 3358 nos
989 3277 1121 3360 invida
1139 3293 1233 3362 aetas
1257 3277 1485 3377 constringit
1505 3275 1701 3378 angustiis,

361 3399 407 3464 ut
422 3377 569 3462 nemini
589 3379 652 3458 eui
683 3407 737 3461 ue
752 3399 867 3462 vacet
885 3381 1047 3484 proprio
1072 3399 1217 3464 conatu
1235 3377 1367 3456 omnia
1392 3378 1610 3456 decurrere
1634 3399 1703 3454 eit·

364 3483 594 3589 perimenta.
705 3483 852 3588 enique
878 3481 905 3560 si
930 3505 1009 3562 una
1032 3486 1145 3564 causa
1170 3479 1451 3583 experimentis
1475 3475 1705 3560 confirmata

369 3582 600 3687 explicando
616 3583 880 3683 phaenomeno
896 3579 1059 3664 sufficiat
1059 3641 1082 3764 ξ
1102 3587 1262 3688 prorsus
1280 3582 1612 3678 supervacaneum
1631 3581 1708 3660 erit

361 3688 470 3768 aliam
494 3685 642 3769 causam
659 3684 951 3788 superaddere3
977 3685 1046 3768 nisi
1077 3701 1165 3769 orte
1177 3681 1352 3790 ejusdem
1369 3681 1621 3784 phaenomeni
1634 3681 1709 3765 du·

358 3791 458 3891 pier,
470 3788 515 3870 sit
533 3787 667 3887 causa,
696 3799 777 3872 tuni
794 3787 899 3870 enirn
920 3813 999 3867 nori
1018 3786 1185 3870 sufficiet
1203 3809 1319 3868 unam
1343 3781 1604 3868 manifestasse.

796 3971 1140 4056 REGULA
1212 3973 1265 4052 11.

461 4099 579 4182 VIII.
607 4099 770 4198 offelloum
792 4105 986 4178 naturalium
1004 4101 1136 4197 ἠνιάθη
1151 4110 1273 4215 generis
1288 4097 1393 4174 calam
1409 4101 1482 4196 (unt
1503 4111 1604 4194 causa.
1629 4092 1707 4174 Pii-

365 4225 430 4286 iiia
444 4200 603 4308 regula,
630 4197 739 4302 quod
759 4199 1023 4303 ostendimus,
1051 4215 1179 4314 vetuit
1198 4199 1398 4304 physicum
1421 4197 1501 4280 sine
1523 4195 1709 4400 asiptgsriex·
