3878 4958
441 488 515 573 ¹40.
719 469 770 570 j
861 493 866 504 ·
970 470 1186 550 Sscrrours
1218 467 1251 550 l.
1373 501 1376 506 ·

382 645 604 736 ‘'Carteiani
621 645 816 730 sustinere
832 649 992 752 prorsus
1006 667 1213 760 nequeunt
1231 680 1242 754 3
1271 649 1431 760 fingunt
1448 651 1572 754 igitur
1588 651 1731 738 novasn

388 749 647 870 hypothestm,
665 776 711 831 ac
729 749 893 836 dicunt:
920 755 1167 840 velocitatem
1182 753 1347 838 vorticis
1361 755 1493 836 decies
1510 751 1650 859 septies
1664 771 1732 837 ve·

391 859 586 940 loc1tatem
605 854 756 938 telluris
774 857 817 938 su
844 881 985 958 erare,
1020 861 1126 964 quod
1154 875 1389 942 tamennon
1415 857 1520 962 posse
1547 855 1623 935 elle
1642 879 1734 942 mox

393 957 540 1038 distem
556 957 642 1038 este
668 885 965 1064 impenderetur
989 965 1135 1068 quippe
1162 965 1314 1078 semper
1337 987 1425 1066 pars
1449 959 1668 1076 velocitatis
1690 963 1735 1078 ip

393 1061 618 1161 contiguam
648 1065 863 1168 tellurem3
897 1064 1018 1168 igitur
1039 1065 1257 1170 imaginarir
1284 1065 1343 1146 illi
1373 1062 1586 1148 Cartesranr
1614 1077 1736 1144 vorti·

379 1172 460 1244 'ces
492 1162 672 1246 sustineri
696 1168 807 1249 nu'llo
832 1167 946 1270 pallo
971 1167 1130 1252 debent
1198 1165 1325 1254 Addit
1350 1165 1584 1250 Clarissimus
1608 1173 1737 1267 arefiet

394 1267 634 1348 Praesatione
650 1270 693 1349 in
716 1283 893 1348 Nestorium
917 1305 929 1352 .·
946 1281 978 1376 fi
993 1301 1120 1374 corpora
1143 1279 1340 1352 Pleretereerrt
1363 1273 1406 1350 il*
1437 1277 1634 1347 Cometertrrrt
1657 1283 1739 1348 cirta

378 1373 486 1475 ‘solem
506 1370 687 1470 deserentur
701 1384 735 1448 in
751 1375 943 1471 vorticibus,
969 1399 1084 1476 oportet
1104 1405 1230 1478 corpora
1253 1377 1376 1470 delate,
1399 1377 1442 1450 ds
1463 1382 1620 1448 vorticum
1633 1387 1738 1471 pretet

392 1478 540 1580 proxime
554 1471 719 1550 ambientes
742 1473 847 1550 eodem
871 1483 1052 1579 velocitate,
1079 1481 1244 1584 eodemque
1269 1478 1373 1579 curfiv
1395 1477 1648 1552 determinatione
1673 1505 1740 1551 mo·

380 1583 492 1671 veri,
518 1579 561 1649 is
576 1575 702 1651 eandem
718 1575 828 1653 tabere
841 1579 1015 1680 deofitetem
1031 1587 1082 1657 vel
1091 1584 1218 1658 eandem
1235 1591 1301 1656 vim
1319 1590 1433 1655 inertie
1455 1603 1514 1684 pro
1538 1579 1615 1652 mole
1640 1601 1739 1653 mate·

381 1682 466 1752 rie.
522 1677 640 1776 Copto
654 1705 726 1755 vero
743 1685 943 1759 somerset
958 1687 1106 1762 Plortetar
1115 1741 1127 1779 ,
1153 1685 1230 1760 dum
1247 1677 1408 1786 verfimtrer
1424 1695 1459 1756 r'rr
1481 1678 1589 1754 lisdem
1613 1690 1741 1784 regioni·

403 1775 459 1852 lues
478 1782 640 1872 celorum,
665 1783 873 1860 velocitatilrut
891 1794 1010 1878 variis,
1035 1801 1188 1892 varieque
1204 1791 1308 1878 cursor
1331 1784 1584 1860 determinatione
1611 1791 1740 1860 moveri.

403 1883 571 1980 Necessario
586 1891 691 1988 itepve
703 1883 873 1988 sequitur,
900 1909 937 1962 ret
950 1891 1047 1988 fluidi
1070 1893 1183 1988 celestis
1205 1911 1309 1986 partes
1330 1891 1415 1979 ille,
1441 1912 1508 1988 pree
1523 1884 1602 1982 fieret
1616 1885 1661 1958 ed
1677 1913 1741 1964 rvr·

404 1983 474 2055 dem
490 1985 646 2078 disertior
660 2013 680 2060 e
691 1985 774 2086 sole,
800 1992 1001 2067 revolvantur
1018 1991 1120 2064 eodem
1138 2013 1270 2093 tempore
1287 1997 1320 2062 irt
1329 1991 1440 2092 plagas
1457 1985 1592 2081 divertite
1609 2015 1678 2063 turre
1693 1989 1743 2065 eli-

380 2105 384 2116 ·
403 2085 495 2174 verfis
510 2086 722 2164 oe'loctreo'boe
738 2116 751 2163 .·
776 2100 887 2166 etenim
902 2097 965 2168 alie
983 2095 1130 2198 opres'ert't
1144 2092 1311 2192 direllione
1326 2090 1368 2166 ὗ
1383 2089 1563 2183 velocitate,
1589 2113 1625 2166 ert
1639 2093 1743 2192 troops-

403 2190 439 2258 νδ
449 2189 557 2294 paſjlnl
576 2191 733 2287 Plenetae3
759 2195 844 2281 elie,
870 2215 907 2268 ret
920 2199 1047 2293 transtro
1061 2194 1323 2292 pofflrtt'Comete.
1374 2188 1475 2292 Qud
1499 2216 1569 2265 crem
1595 2195 1744 2298 explitlrs

406 2306 567 2393 nepueot3
593 2295 643 2364 vel
655 2293 823 2392 fatendum
839 2301 918 2382 erit,
944 2301 1084 2398 vniversa
1106 2321 1228 2400 corporo
1247 2295 1367 2392 celestia
1387 2319 1449 2366 nort
1474 2293 1622 2394 deserete
1646 2315 1744 2370 metr-

408 2401 459 2462 rio
476 2399 600 2481 vorticis
620 2417 631 2484 3
657 2397 707 2466 vel
727 2395 891 2470 direntium
915 2395 1005 2482 leit,
1031 2399 1195 2473 eorundem
1219 2417 1321 2472 motos
1346 2396 1522 2498 repelendos
1547 2395 1744 2498 assertores

409 2517 470 2565 vno
486 2491 647 2594 eodemque
661 2505 795 2582 vortice,
813 2497 872 2598 feel
886 2527 905 2571 a
918 2499 1080 2602 pluribus,
1105 2509 1162 2602 qui
1175 2497 1213 2573 ab
1229 2509 1361 2574 trevicerrt
1377 2501 1577 2597 depuliſset,
1602 2503 1684 2573 idem
1709 2525 1744 2601 erp

377 2599 382 2612 ’
402 2591 544 2697 spetlum
556 2592 613 2692 solt
630 2603 857 2697 circumjellurrr
866 2605 1053 2702 pervadant.
1104 2597 1262 2679 sivero
1288 2599 1331 2678 in
1355 2593 1495 2678 eodem
1521 2597 1641 2704 spatio
1660 2529 1707 2699 pl
1728 2641 1745 2658 ·

410 2715 473 2773 res
490 2692 661 2772 vortices
679 2691 841 2778 diversis
858 2703 1027 2782 motibus
1042 2701 1196 2782 revolvi
1217 2757 1231 2803 ,
1263 2701 1398 2781 &sese
1416 2714 1550 2782 mutuo
1567 2713 1745 2804 penetra*

410 2819 456 2876 re
477 2791 686 2878 statuantur
705 2811 721 2894 ς’
744 2801 830 2904 qvis
852 2803 922 2882 fibi
948 2801 1184 2908 persuadere
1207 2805 1374 2906 p'ote'rit,
1398 2801 1505 2905 quod
1531 2803 1744 2884 caelestium

412 2923 621 3000 corporum
638 2901 907 2986 ordinatiffimi
926 2922 1051 2992 motus
1067 2904 1212 3008 integri
1232 2908 1537 3010 conserventur,
1563 2929 1745 3006 neeper-

409 3003 554 3078 turbati
572 3001 718 3082 firerint
733 3006 943 3113 quidquam
959 3023 1105 3112 pertot
1120 3009 1260 3092 saecuta
1276 3012 1323 3088 ab
1343 3006 1557 3090 astionibus
1571 3007 1746 3088 materiae

411 3101 682 3182 occursantis?
710 3110 854 3190 ,frustra
883 3125 990 3188 certo
1010 3109 1227 3214 imaginarii
1245 3111 1306 3189 illi
1331 3123 1456 3210 motus
1484 3109 1527 3188 in
1544 3109 1745 3218 Phyficam

411 3199 713 3378 rpciperentur,
739 3227 826 3290 curn
853 3210 982 3292 omnis
1009 3215 1119 3296 causa
1144 3215 1219 3300 elle
1247 3213 1387 3294 debeat
1411 3207 1555 3296 effestu
1578 3213 1646 3296 suo
1663 3211 1748 3290 strn-

411 3326 566 3404 ptcror.
602 3319 629 3344 ·'

419 3508 427 3522 1
517 3409 639 3490 Po'rro
656 3407 685 3486 st
704 3413 869 3512 gravitas
885 3417 1055 3500 oriretur
1071 3445 1091 3496 a
1110 3419 1328 3520 centrisuga
1341 3418 1386 3498 vi
1410 3415 1583 3500 materiae
1600 3417 1749 3498 subtilis

415 3531 458 3586 tn
474 3511 624 3591 vortice
641 3513 814 3618 agitatae,
842 3545 923 3598 non
945 3519 1230 3602 descenderent
1244 3547 1413 3623 unquam
1434 3545 1599 3622 corpora
1642 3521 1748 3602 ravia

414 3611 793 3713 perpendiculariter
820 3623 867 3702 ad
892 3637 1011 3704 terrae
1041 3639 1251 3728 centrum,
1279 3620 1345 3702 sed
1372 3647 1422 3741 pe
1473 3545 1750 3704 endiculariter

416 3709 464 3788 ad
480 3739 589 3794 axem
605 3721 753 3822 te'rrae3
808 3729 908 3808 Cum
935 3725 1045 3804 'enim
1072 3727 1230 3808 materia
1255 3727 1404 3808 subtilrs
1442 3742 1663 3830 apponatur
1678 3723 1747 3803 de·-

417 3813 513 3893 lerri
525 3819 761 3934 porticaliter
771 3826 811 3907 in
831 3827 988 3908 circulis
1004 3829 1202 3932 AEquatori
1230 3829 1457 3937 parallelis:
1490 3828 1597 3914 vires
1621 3844 1747 3911 autent

418 3919 649 4038 centrrsugae
666 3922 883 4028 dirigantur
901 3927 1109 4012 secundum
1125 3930 1247 4012 lineas
1265 3947 1490 4035 tangentes,
1514 3934 1555 4013 in
1575 3929 1664 4038 ipsu
1681 3933 1756 4010 ho·

279 4121 287 4136 .
419 4029 756 4139 rumusculorum
803 4033 899 4114 lanis
916 4032 1157 4134 constitutas,
1182 4034 1376 4117 necessum
1397 4035 1453 4116 est
1480 4059 1643 4138 corpora
1666 4059 1748 4135 gra·

248 4113 314 4218 fil·
338 4117 404 4200 eati,
420 4147 484 4202 vta
500 4121 739 4212 descendere
786 4137 906 4216 ebere
922 4135 979 4215 uti
997 4157 1045 4212 ex
1068 4141 1098 4214 B
1118 4137 1252 4220 versus
1274 4141 1339 4236 D,
1364 4141 1415 4217 ita
1442 4161 1490 4215 ex
1509 4141 1543 4216 K
1561 4135 1695 4217 versus
1709 4141 1752 4234 S,

414 4223 595 4350 pdeoque
611 4235 994 4339 perpendiculariter
1009 4233 1057 4314 ad
1074 4263 1184 4320 axem
1199 4239 1373 4343 telluris,
1397 4239 1503 4346 quod
1523 4241 1750 4355 phaenonte-

861 4387 870 4394 -
1641 4365 1702 4420 nts
