3900 4956
453 511 509 594 66
992 529 1208 606 Sacriouis
1233 525 1268 605 I.

405 723 521 782 mena
544 720 692 802 vacua,
714 721 808 806 quae
823 715 953 787 tamen
972 711 1062 788 aere
1078 714 1226 810 repleta
1244 713 1348 810 sunt,
1365 725 1459 792 uacui
1474 715 1635 799 nomine
1644 743 1738 802 ceri·

405 805 482 882 seri
506 832 587 888 non
614 804 794 886 debeant.
858 815 996 890 iatum
1027 815 1268 922 Philosophiam
1295 814 1398 898 aliud
1424 817 1479 896 est
1502 846 1736 920 coacervatum,

404 905 474 988 seu
491 907 627 1014 ingens
645 907 807 1006 spatium
833 911 958 990 omnis
986 917 1166 996 materiae
1192 941 1365 1020 expers3
1393 917 1499 998 aliud
1525 923 1580 1002 est
1605 925 1736 1024 dissemi-

403 1033 536 1113 naium,
564 1009 674 1115 quod
690 1009 876 1123 significat
893 1018 1049 1118 angusta
1059 1017 1231 1124 spatiola,
1248 1019 1316 1099 seu
1325 1021 1446 1102 exiles
1461 1045 1599 1126 poros,
1621 1052 1642 1103 a
1658 1051 1734 1107 ma·

403 1113 519 1192 teriae
536 1113 741 1194 moleculis
759 1113 1016 1218 interceptos.

504 1217 541 1314 §.
560 1239 622 1310 45.
649 1212 817 1316 Triplex
833 1217 884 1298 de
900 1249 999 1299 vacui
1016 1221 1121 1304 inter
1140 1221 1320 1306 eruditos
1338 1219 1735 1330 magnodisceptatio·

403 1335 500 1396 num
522 1315 619 1396 aestu
634 1319 863 1416 percrebuit
880 1319 1091 1402 sententia:
1117 1327 1244 1408 Prima
1260 1329 1315 1408 est
1329 1341 1565 1436 epicureorum,
1584 1329 1733 1432 diffindi,

404 1415 443 1494 δι
459 1423 738 1508 Neronianorum,
755 1417 824 1520 qui
839 1447 973 1500 vacuum
991 1422 1078 1504 astu
1095 1425 1177 1504 dari
1196 1427 1237 1508 iu
1258 1452 1392 1510 rerum
1418 1440 1554 1508 natura
1568 1429 1733 1532 gravissi·

402 1515 475 1594 mis
492 1519 728 1621 argumentis
748 1517 950 1604 evincunt.
1012 1528 1151 1608 Altera
1175 1531 1229 1609 est
1252 1541 1542 1642 reiipatericorum,
1577 1529 1648 1636 qui
1673 1557 1735 1612 na·

403 1631 532 1698 turam
553 1643 574 1698 a
597 1649 693 1700 vacuo
720 1623 955 1727 abhorrere,
984 1627 1161 1734 ideoque
1185 1634 1334 1714 nullum
1360 1629 1448 1712 astu
1468 1629 1550 1710 dari
1570 1651 1733 1714 conten·

404 1717 519 1800 dunt.
573 1723 711 1804 Tertia
735 1725 790 1804 est
816 1733 1086 1834 ciriclanorum,
1113 1733 1184 1838 qui
1204 1761 1375 1818 vacuum
1398 1757 1533 1838 neque
1554 1732 1732 1836 possibile

401 1819 477 1907 elle
491 1843 754 1932 propugnant.
808 1827 866 1910 Sit

716 2035 1341 2132 PROPOSITIO
1400 2041 1437 2132 1.

241 2239 382 2321 Vectium
399 2231 433 2338 p
448 2235 497 2327 46
502 2289 511 2311 .
547 2235 717 2370 Jl‘Acamn
730 2250 764 2318 i'n
778 2261 893 2318 natura
916 2247 1037 2316 omnino
1050 2235 1175 2338 pofftiila
1189 2229 1249 2338 ast.

217 2367 380 2448 nonrepu-
621 2343 718 2419 Nam
739 2341 828 2420 idea
843 2351 936 2418 arcui
954 2363 1034 2418 non
1051 2353 1274 2440 repugnat,
1303 2337 1371 2420 seu
1399 2357 1619 2444 conceptus
1641 2366 1731 2426 cor-

210 2463 302 2545 gnat,
317 2459 379 2526 imo
396 2457 538 2552 porum
553 2467 594 2519 v.
616 2463 660 2542 g.·
675 2456 849 2546 quatuor
866 2465 1102 2538 murorum,
1134 2441 1203 2544 qui
1228 2438 1321 2518 nihil
1347 2441 1621 2544 intercipiant,
1650 2473 1730 2528 non

215 2547 324 2644 rafim
396 2539 962 2642 involvitcontradiffionem3
1014 2543 1268 2622 Eccurenim
1283 2541 1398 2620 Deus
1424 2567 1505 2620 non
1523 2547 1645 2646 pollet
1667 2555 1729 2628 αέ-

286 2705 289 2714 ,
396 2661 480 2718 rem
500 2665 656 2723 omnem
672 2647 788 2744 huius
810 2645 1011 2742 cubiculi,
1039 2645 1102 2724 vel
1121 2657 1294 2722 montem
1312 2642 1480 2746 aliquem
1502 2647 1727 2752 annihilare,

399 2741 438 2820 dr
453 2747 603 2830 nullum
628 2747 787 2846 prorsus
815 2771 961 2849 corpus
985 2744 1026 2824 in
1043 2747 1136 2852 ¹ejus
1162 2745 1294 2822 locum
1319 2743 1584 2826 substituere?
1610 2745 1729 2852 igitur

399 2845 459 2924 uti
491 2875 543 2932 ue
562 2879 697 2929 vacuam
724 2847 901 2950 possibile
928 2847 1013 2944 est3
1047 2849 1264 2966 praesertim
1293 2869 1385 2924 curn
1414 2845 1501 2926 idea
1524 2869 1641 2946 purae
1662 2877 1729 2931 ex·

400 2877 586 3034 tensionis
612 2953 681 3032 alia
704 2955 749 3035 sit
771 2953 816 3032 ab
842 2949 931 3031 idea
955 2949 1183 3030 soliditatis:
1208 2947 1439 3060 soliditatem
1464 2949 1650 3031 habemus
1678 2977 1730 3033 ex

402 3054 612 3152 contastu,
634 3055 900 3134 extensionem
915 3077 1051 3168 puram
1071 3078 1151 3134 nori
1180 3047 1288 3128 item.
1343 3048 1408 3128 Sic
1433 3050 1556 3150 optici
1576 3054 1729 3155 experi-
1795 3103 1799 3110 =
1940 3063 1941 3074 ‘

400 3169 577 3234 mentum
593 3151 764 3232 afferunt
780 3152 954 3253 imaginis
966 3153 1134 3252 objectae
1145 3152 1214 3229 seu
1229 3149 1341 3250 idoli,
1352 3169 1465 3230 extra
1482 3151 1728 3254 superficiem

402 3267 595 3332 cavorum
615 3249 862 3354 speculorum
888 3253 1138 3355 apparentis3
1180 3275 1229 3328 ex
1254 3275 1334 3354 quo
1364 3251 1472 3330 idolo
1496 3255 1583 3333 sane
1608 3279 1726 3337 nenio

405 3353 616 3459 quisquam
635 3353 836 3434 soliditatis
854 3353 979 3434 ideam
1006 3353 1267 3468 decerpserit,
1295 3355 1397 3432 bene
1415 3381 1514 3436 vero
1541 3359 1729 3437 extensio·

401 3457 491 3558 iiis3
546 3464 637 3538 Non
665 3457 768 3538 enini
786 3457 933 3536 resistet
950 3454 1098 3536 idolum
1129 3451 1226 3534 illud
1259 3473 1368 3534 extra
1391 3455 1538 3557 speculi
1565 3457 1730 3558 superfi-

399 3558 500 3640 ciem
522 3559 563 3640 in
582 3569 673 3640 aere
693 3581 881 3660 apparens
899 3557 1030 3637 manui
1051 3553 1278 3643 accedenti,
1307 3557 1482 3659 quamvis
1510 3559 1728 3662 coloribus,

396 3677 624 3764 caeteraque
641 3661 785 3764 objecti
803 3656 1030 3741 habitudine
1048 3657 1313 3738 extensionem
1331 3659 1479 3740 reserat
1497 3687 1511 3764 3
1566 3661 1643 3764 lam
1660 3689 1728 3744 ve·

400 3780 448 3837 ro
465 3763 511 3840 sit
526 3763 747 3869 hypothesis
770 3793 779 3846 :
808 3761 902 3841 nihil
924 3785 996 3841 nos
1014 3785 1189 3863 unquam
1215 3759 1453 3938 conspexisse
1476 3753 1628 3864 prae'ter
1642 3765 1729 3844 talia

402 3857 510 3940 idola
529 3889 537 3939 t
565 3867 644 3943 imo
662 3866 790 3945 nostra
806 3864 920 3946 etiam
940 3885 1105 3963 corpora
1119 3861 1178 3939 his
1194 3857 1269 3938 elle
1286 3859 1298 3937 i
1329 3861 1399 3940 olis
1416 3863 1731 3964 persimilia,nul·

401 3959 477 4042 lam
492 3965 633 4068 utique
651 3967 882 4048 haberemus
899 3961 1099 4046 soliditatis
1117 3962 1267 4060 ideam,
1299 3961 1477 4066 quamvis
1496 3969 1729 4048 extensionis

403 4063 531 4144 ideam
551 4064 750 4146 clarissime
766 4066 1075 4170 perciperemus.
1128 4069 1184 4142 Ex
1200 4087 1281 4165 quo
1299 4067 1442 4168 utique
1463 4069 1618 4170 elucet,
1639 4067 1730 4152 inti·

406 4187 485 4246 mas
495 4171 666 4270 soliditatis
684 4177 915 4274 carminisque
926 4167 1031 4247 ideas
1054 4163 1128 4244 elie
1144 4168 1261 4265 longe
1277 4165 1460 4248 diversas.

498 4273 537 4371 §.
557 4289 621 4372 47.
647 4269 773 4349 Porro
796 4269 892 4351 duni
914 4297 1058 4374 vacuum·
1077 4264 1153 4346 elle
1174 4267 1377 4352 extensum
1397 4267 1572 4374 dicitur,
1607 4273 1730 4354 nulla·

392 4369 402 4462 l
1563 4387 1679 4465 terius
