3802 4942
280 503 544 586 Pranxlv.
566 503 873 587 DnDunrrrn
893 507 1301 596 urFaurmrarr.
1372 531 1452 617 481
1485 570 1487 574 .

79 773 89 792 .
164 686 355 771 binthinae
374 675 569 772 destillato
598 689 775 772 solvatur
802 691 955 792 sperma
981 695 1072 794 reti,
1098 691 1309 779 retinendo
1334 701 1501 802 phialam

162 792 359 893 paulisper
384 796 496 894 supra
521 794 740 894 carbones3
778 795 1013 876 solutionem
1043 795 1083 876 in
1111 797 1386 899 frigidiusculo
1412 807 1505 887 loco

13 959 14 968 r
160 919 341 999 repone,
375 898 603 977 concrescet
637 895 704 974 illa
730 896 831 980 intra
857 897 1046 977 minutum
1073 899 1114 982 in
1143 901 1308 1002 glaciem
1338 904 1500 988 duram:

160 1013 321 1100 recepta
347 1000 474 1103 phiala
506 995 552 1077 ad
590 997 732 1078 calidas
764 1025 901 1080 manus
930 999 1112 1082 solutioni
1147 1005 1402 1110 liquationem
1444 1009 1502 1088 in-

161 1097 269 1180 ducit
296 1127 309 1218 3
354 1103 488 1184 amotis
521 1103 658 1184 rursus
698 1103 877 1184 manibus
912 1105 1161 1210 concrescit,
1188 1107 1503 1214 quotiescunque

157 1203 352 1304 libuer1t3
386 1205 415 1283 si
442 1205 560 1287 fluori
588 1205 839 1286 admisceatur
860 1203 1015 1285 rubedo
1041 1207 1123 1288 suci
1149 1216 1276 1314 (cmo
1297 1218 1330 1288 d'
1348 1217 1503 1321 aspagnr)
1642 1251 1644 1258 ·

158 1305 211 1386 fit
237 1307 378 1406 glacies
400 1308 527 1387 rubra.
581 1311 700 1414 Quod
729 1309 757 1387 fi
788 1309 829 1388 in
858 1306 997 1386 <lislam
1021 1309 1185 1409 glaciem
1210 1313 1342 1394 oleum
1367 1313 1502 1398 tartari

13 1475 14 1480 a
157 1431 249 1487 cum
268 1412 358 1490 oleo
385 1409 556 1510 vitrioli,
574 1425 640 1490 aut
666 1411 824 1510 spiritus
849 1411 942 1492 nitri
971 1411 1124 1492 sumans
1146 1439 1236 1495 cum
1255 1415 1344 1497 oleo
1362 1441 1502 1524 caryo-

13 1577 17 1596 ,
157 1511 388 1620 phyllorum
411 1511 653 1615 affundatur,
672 1514 871 1594 exorietur
889 1513 1029 1614 sulgur
1045 1517 1082 1596 u
1098 1516 1262 1618 fragon

13 1607 15 1628 '
258 1619 331 1695 VI.
383 1621 476 1695 Huc
508 1615 705 1714 pertinent
732 1616 1051 1716 coagulationes,
1085 1620 1123 1698 &
1154 1619 1501 1724 crystallizationes
1520 1631 1672 1732 coagula·

13 1759 18 1806 :-
156 1715 380 1819 chymicae,
405 1717 530 1796 veluti
564 1719 681 1797 arbor
708 1721 838 1799 Lunae
871 1720 909 1800 δι
937 1719 1103 1820 MartiS,
1145 1719 1196 1801 de
1221 1721 1361 1826 quibus
1388 1721 1680 1832 infraruouy

13 1823 17 1916 ζ
158 1818 481 1919 Coagulationem
506 1820 704 1920 sangoinis
731 1820 945 1900 notabilem
975 1821 1159 1922 produxit
1182 1829 1371 1927 sracaffiuus
1401 1829 1675 1931 Pisa-flallr'zatr'o

13 1917 19 2011 ἶ,
154 1945 230 1999 nus
247 1950 262 1998 ε,
292 1919 454 2002 dilutam
483 1921 672 2004 nimirum
699 1945 837 2026 aquarn
862 1923 1006 2001 fortem
1032 1923 1181 2006 inludit
1217 1927 1258 2004 in
1281 1929 1501 2028 iugularem

13 2023 22 2118 ζ
152 2045 295 2104 venam
323 2023 449 2124 canis,
474 2023 545 2126 qui
572 2023 684 2104 illico
710 2024 932 2142 expiravit3
963 2023 1228 2126 deprehensus
1259 2027 1418 2130 demum
1446 2034 1503 2114 est

13 2128 20 2218 ζ
154 2122 199 2202 in
220 2125 392 2207 sestione
417 2125 572 2228 sanguis
597 2129 703 2208 illius
728 2153 769 2208 vr
796 2155 816 2206 a
842 2151 911 2221 uae,
932 2127 1045 2208 sortis
1070 2129 1111 2208 in
1133 2130 1250 2211 venis
1276 2135 1503 2234 coagulatus

13 2233 23 2329 '3
153 2225 299 2329 fuisse,
332 2229 547 2328 coagulatio
573 2229 680 2309 enirn
704 2253 776 2330 per
808 2157 955 2346 aiiiquid
980 2231 1220 2348 adjeslitium
1248 2230 1347 2314 adeo
1372 2253 1503 2338 partes

155 2331 277 2420 nexui
305 2329 473 2432 aptiores
499 2332 602 2412 inter
631 2333 670 2410 se
697 2333 951 2434 constringit,
967 2348 1010 2415 ut
1034 2333 1199 2436 quurdae
1227 2350 1355 2434 partes
1381 2339 1501 2420 inter-

14 2497 22 2530 3
151 2435 327 2535 jacentes
355 2432 447 2514 huic
475 2433 691 2516 cohaefioni
718 2433 851 2513 obesse
871 2459 952 2514 non
977 2438 1127 2539 poffint.
1183 2435 1301 2546 Quod
1333 2437 1422 2522 stin
1444 2443 1501 2521 se·

14 2533 21 2555 ’
154 2561 244 2614 rum
273 2535 470 2638 sanguinis
502 2538 661 2617 humani
697 2536 857 2636 spiritus
889 2537 974 2618 vini
1011 2540 1268 2642 immittatur,
1300 2541 1426 2624 statim
1454 2547 1497 2624 in
1642 2587 1645 2594 ·

13 2684 25 2709 -,
155 2640 289 2722 album
325 2641 531 2739 coagulum
558 2639 806 2738 concrescit3
844 2664 892 2718 ex
916 2666 1000 2743 quo
1039 2661 1225 2742 apparet,
1250 2669 1364 2744 quam
1391 2647 1501 2726 noci-
1529 2694 1548 2722 ,ι

13 2735 26 2839 ’,ἶ
154 2767 227 2821 vus
259 2743 304 2820 sit
336 2739 613 2821 immoderatus
647 2740 731 2818 vini
763 2741 857 2820 usus
890 2741 1135 2822 circulationi
1176 2743 1399 2849 sanguinis,
1435 2761 1500 2829 aut

13 2909 27 2944 3
155 2846 281 2925 multo
300 2842 421 2942 magis
440 2845 531 2923 usus
548 2844 654 2923 illius
672 2839 863 2944 liquoris,
888 2843 1023 2958 quiex
1042 2843 1138 2923 vino
1164 2842 1380 2928 distillatur.
1485 2891 1491 2901 ·

13 2947 23 2988 ·‘
254 2948 347 3026 VII.
403 2945 520 3049 Quod
549 2945 574 3023 sr
607 2945 768 3046 smigma
793 2943 835 3022 in
862 2944 1000 3047 spiritu
1018 2945 1105 3026 vini
1123 2946 1319 3051 solvatur,
1347 2949 1499 3032 orietur
1608 3013 1612 3024 .

13 3075 26 3122 r
155 3045 279 3128 solida
307 3045 460 3147 glacies.
511 3053 643 3150 Hilloire
667 3053 704 3125 dr
722 3055 745 3123 1’
760 3053 853 3124 read.
871 3056 969 3148 Royal
995 3074 1100 3149 1741·
1124 3059 1296 3130 Rerumur.
1421 3111 1424 3114 -
1551 3137 1555 3143 ,

13 3203 28 3247 ,⁴
256 3153 370 3230 VIII.
422 3155 571 3228 succus
596 3147 810 3232 nutrititius
826 3151 1068 3254 plantarum,
1096 3150 1133 3230 δι
1162 3150 1387 3242 animalium
1416 3155 1497 3236 abit

18 3321 29 3372 3
152 3255 196 3334 in
222 3249 361 3434 salidas
395 3247 597 3332 familiares
622 3267 787 3356 partes,
834 3254 1031 3357 equibus
1076 3257 1262 3356 organica
1297 3257 1497 3364 consurgit

18 3386 30 3447 s,
153 3359 237 3440 stru
277 3381 361 3434 ura
980 3363 984 3372 “

13 3443 29 3558 ζ
248 3460 318 3538 IX„
379 3447 720 3560 Quemadmodum
754 3478 853 3535 vero
895 3455 1019 3537 fluida
1047 3458 1274 3554 firmitatem
1300 3471 1384 3538 non
1407 3481 1498 3539 raro

13 3553 29 3585 ³'
149 3557 345 3656 induunt,
368 3561 419 3636 ita
445 3557 483 3636 dt
509 3557 671 3638 viciffim
701 3557 816 3637 firma
844 3581 1010 3660 corpora
1037 3561 1273 3642 cohaesronis
1292 3559 1496 3640 excutiunt

149 3663 280 3764 leges,
305 3662 342 3739 dt
370 3659 491 3740 fluida
518 3657 749 3741 redduntur.
824 3667 951 3740 Omne
983 3662 1164 3745 ciborum
1192 3661 1405 3745 solidorum
1429 3682 1498 3762 ge·

13 3781 20 3867 ';
147 3791 224 3846 nus
249 3763 357 3843 vitali
388 3759 604 3862 digestione
630 3761 672 3841 in
691 3765 857 3844 fluorem
877 3762 1104 3867 quemdam,
1120 3765 1292 3868 chylum,
1308 3765 1382 3864 lac,
1409 3765 1494 3844 san-

13 3865 29 3966 J
146 3870 309 3970 guinem
335 3863 592 3968 deliquescit,
620 3853 909 3968 putresattione
937 3890 1028 3944 caro
1049 3865 1180 3946 omnis
1209 3864 1347 3948 defluit
1374 3865 1416 3948 in
1436 3868 1494 3956 vi,-

13 3987 17 3998 '
148 3971 189 4050 le
211 3972 358 4050 tabum.
414 3973 516 4050 Cum
547 3963 588 4046 in
612 3966 749 4066 spiritu
780 3967 864 4046 salis
884 3967 1021 4047 marini
1049 3985 1268 4052 maceratur
1295 3987 1400 4052 creta
1429 3987 1496 4051 aut

150 4073 239 4155 cals
271 4128 284 4174 ,
320 4069 492 4150 solvetur
530 4067 691 4149 tandem
725 4071 767 4149 in
801 4095 928 4172 aqua,
971 4087 1014 4150 ut
1038 4099 1136 4178 aqua
1179 4101 1300 4176 porro
1330 4071 1495 4178 limpida

20 4235 32 4266 3
148 4175 392 4279 perseveret.
419 4171 660 4252 Omniacum
674 4171 750 4250 sale
766 4173 859 4252 nitri
871 4171 1044 4275 decocta,
1053 4175 1093 4252 in
1104 4176 1194 4254 abre
1207 4174 1496 4284 deliquescunt,

13 4260 39 4406 ,⁸
145 4277 206 4363 uti
236 4275 348 4358 &sal
370 4274 501 4357 tartari
525 4273 796 4466 inhumidunlr'
810 4275 955 4486 {egere
975 4278 1209 4390 repositum..
1253 4383 1258 4391 .
1308 4381 1439 4482 mx
1484 4355 1490 4364 .
