3802 4942
323 474 465 550 Pana.
482 467 590 548 xffl.
616 463 688 544 Da
709 465 899 546 carone
923 485 985 544 ar
1005 459 1228 544 Faroonr.
1354 491 1448 596 ‚⁸473

232 671 238 688 ¹
262 651 334 728 IV.
360 649 470 728 Alias
488 647 601 726 etiam
622 643 845 726 Florentini
864 644 1029 745 globum
1046 668 1204 726 aureum
1219 645 1341 726 altera
1354 667 1498 750 expan

163 766 202 830 te
227 751 311 830 satis
335 749 524 850 planum,
547 773 647 851 aqua
676 745 876 850 impletum
910 745 1175 848 congelationi
1209 751 1494 854 exposuerunt,

160 853 304 954 globus
317 845 481 952 quidem
499 849 569 926 ille
596 871 676 926 non
701 849 757 949 est
778 860 937 1023 russtus,
963 847 1030 926 sed
1056 846 1222 929 cedente
1247 849 1289 928 in
1322 851 1493 952 capacio-

162 979 246 1032 rem
264 954 431 1052 figuram
451 949 632 1048 metallo,
658 946 797 1048 globus
839 949 1047 1048 phaericam
1068 951 1236 1049 figuram
1256 949 1435 1030 obtinuit.

262 1061 314 1136 V.
330 1053 500 1152 'sphaera
524 1048 654 1132 vitrea
679 1058 718 1162 ᾼ
743 1049 904 1148 impleta
936 1078 1064 1153 aqua,
1088 1050 1325 1153 tandemque
1349 1075 1425 1132 con
1453 1073 1492 1130 e
1508 1086 1652 1160 ῃχῃγ

160 1153 234 1234 lata
263 1178 335 1256 per
358 1166 477 1232 totam
503 1148 760 1250 peripherram
785 1151 971 1252 plurimas
998 1153 1115 1232 rimas·
1135 1152 1283 1232 hiantes
1308 1075 1494 1256 ostendit,
1504 1187 1571 1290 pig·
1601 1142 1661 1284 ς]

159 1256 364 1336 luculento
389 1264 637 1353 argumento,
658 1275 795 1351 aquam
820 1250 900 1350 ipsa
925 1252 1203 1354 congelatione
1235 1251 1495 1334 effervescen-

159 1356 250 1436 tiam
266 1352 460 1462 quandam
480 1368 624 1430 motum
643 1363 757 1452 atque
782 1353 1053 1451 expanssonem'
1070 1357 1273 1454 obtinere3
1301 1353 1393 1432 hinc
1410 1356 1496 1458 spe·

16 1469 19 1476 '
163 1458 285 1536 cilice
308 1455 438 1535 levior
461 1449 641 1531 redditur
657 1477 771 1554 quam
798 1473 917 1556 aqua,
941 1456 980 1534 dr
1002 1457 1247 1556 homogeneo
1269 1454 1396 1535 lluido
1421 1460 1491 1534 im·

161 1557 264 1638 milla
280 1557 453 1636 cernitur
471 1553 731 1652 supernatare.
781 1561 902 1650 Boyllaa
930 1573 1038 1638 certo
1065 1555 1289 1636 denfitatem
1316 1555 1497 1658 aquaead

162 1659 300 1764 glaciei
319 1655 546 1736 densitatem
572 1651 672 1733 laeto
697 1655 972 1754 experimento
989 1658 1137 1759 reperit
1160 1669 1204 1736 ut
1221 1681 1245 1758 9
1261 1652 1308 1732 ad
1333 1683 1399 1759 ro,
1424 1660 1496 1739 seu
1607 1689 1610 1698 ’
1782 1744 1793 1763 ‚

162 1788 210 1860 ης
230 1757 277 1838 ad
303 1771 405 1862 27}-
454 1765 587 1832 Dorum
611 1758 649 1830 da
673 1765 805 1832 Maean
827 1755 883 1835 uti
911 1785 962 1840 ao
985 1758 1031 1839 ad
1055 1787 1128 1860 ar,
1151 1755 1219 1836 seu
1242 1781 1291 1860 25
1321 1755 1368 1835 ad
1393 1767 1519 1842 26¹..
1641 1801 1648 1840 ι.

165 1866 315 1942 Dabam
335 1876 380 1940 ut
399 1881 422 1958 7
441 1852 488 1933 ad
505 1868 551 1953 8,
575 1853 643 1934 seu
658 1882 706 1956 25
727 1852 775 1932 ad
791 1865 878 1958 28}
894 1859 966 1938 dcc.
1020 1864 1143 1960 Cujus
1158 1857 1316 1960 quidem
1336 1811 1498 1940 diverd·
1644 1940 1649 1950 ,

165 1962 252 2044 tatis
268 1959 389 2038 variae
403 1955 553 2060 polluat
570 1954 644 2068 elle
662 1957 785 2070 causae
801 1978 814 2054 3
843 1973 907 2038 aut
924 1960 1031 2038 enim
1057 1960 1163 2040 varia
1186 1981 1319 2060 aquae,
1345 1961 1383 2040 dr
1401 1985 1496 2040 con·

164 2060 262 2142 eluti
276 2059 321 2139 <in
341 2084 386 2137 ea
404 2057 503 2138 aeris
519 2056 740 2136 constatutro
766 2084 777 2134 a
804 2071 866 2136 aut
882 2060 1127 2140 vehementia
1141 2059 1321 2159 frigoris,
1347 2075 1412 2140 aut
1428 2060 1496 2138 de·

162 2187 268 2244 mum
295 2161 428 2262 plures
452 2181 524 2256 per
550 2155 727 2254 longiora
753 2160 1039 2259 congelationis
1058 2161 1261 2242 intervalla
1277 2157 1388 2242 sadlae
1406 2185 1500 2240 eva-¹

192 2261 385 2341 orationes
410 2255 578 2361 glaciei3
606 2281 701 2360 quae
725 2271 801 2338 tam
826 2261 1079 2347 vehementes
1101 2264 1212 2362 sunt,
1238 2280 1283 2344 ut
1303 2271 1446 2342 rmaula
1471 2289 1499 2360 4

162 2291 282 2442 Ebras
298 2360 436 2462 glaciei
455 2355 585 2459 rigido
608 2359 688 2438 adri
707 2359 950 2442 committens
974 2362 1309 2466 deprehenderit,
1340 2363 1423 2464 post
1451 2373 1499 2454 ιθ

150 2464 249 2550 ,dies
265 2465 380 2543 unius
403 2463 519 2542 librae
545 2456 837 2550 decrementum
862 2463 1029 2568 saelum,
1055 2463 1161 2570 quod
1185 2463 1223 2543 dr
1251 2467 1498 2565 Moeffclemlroe·

161 2575 228 2644 llus
254 2585 288 2644 ln
319 2566 544 2642 Tcnraminflua
571 2567 746 2638 Florcnrlaae
773 2563 1018 2666 confirmat3
1045 2593 1116 2648 eva
1145 2567 1340 2654 orationes
1365 2582 1491 2646 autem

161 2665 251 2746 illae
275 2663 461 2766 copiosae,
480 2679 543 2742 aut
566 2657 765 2740 effumatio
793 2664 876 2743 line
895 2667 1053 2750 interno
1081 2690 1103 2742 e
1135 2668 1388 2750 ervescentiae
1415 2689 1498 2746 mo·

158 2779 204 2848 tu
220 2765 275 2846 uti
305 2791 354 2844 ue
370 2789 449 2843 non
468 2758 716 2860 contingunt.
771 2772 893 2864 Wolffius
910 2765 1075 2850 advertit
1089 2767 1312 2865 gravitatem
1337 2765 1495 2866 specifi-

164 2893 245 2946 cam
266 2793 403 2966 gdaciei
418 2866 554 2946 fatiam
570 2885 621 2939 ex
637 2885 759 2965 aqua,
784 2885 807 2939 e
850 2891 899 2944 ua
917 2869 1027 2966 prius
1037 2893 1110 2970 per
1129 2867 1281 2945 antliam
1311 2875 1378 2944 aer
1392 2865 1495 2947 edu-

162 2967 248 3050 stos
271 2967 412 3064 luerat,
431 2963 552 3047 multo
569 2960 767 3078 minorem
789 2891 877 3065 edic,
894 2968 1067 3050 innatare
1093 2979 1222 3048 tamea
1250 2963 1376 3045 adhuc
1401 2991 1493 3066 pau·

159 3066 282 3168 lisper
304 3091 442 3167 aquaea
470 3067 523 3146 ast
543 3067 686 3164 glacies
707 3065 830 3144 multo
856 3068 977 3170 magis
1000 3067 1164 3173 expansa
1189 3065 1287 3173 erit,
1310 3088 1359 3146 ex
1386 3069 1499 3171 cuiue

162 3193 260 3272 aqua
283 3167 392 3268 prius
410 3177 476 3248 aer
490 3191 573 3248 noo
589 3165 722 3244 suerat
734 3169 937 3250 extrattus.

67 3283 70 3289 ’
263 3273 336 3350 VI.
356 3279 478 3370 'Aqua
504 3291 553 3346 ex
579 3265 748 3345 resoluta
773 3271 897 3363 glacie
924 3270 1086 3354 collella
1123 3267 1285 3354 erudior
1309 3272 1396 3371 est,
1428 3295 1496 3351 ne-

162 3391 241 3474 que
267 3369 366 3451 adeo
391 3367 576 3449 tintlurae
601 3364 817 3448 delicatiori
844 3372 965 3452 veluti
994 3375 1107 3451 Thee
1131 3374 1195 3454 vel
1218 3369 1410 3454 eoffevest
1428 3398 1499 3471 op·

162 3488 353 3652 Port'dm’
379 3467 485 3573 quod
511 3467 688 3550 homines
712 3471 905 3552 teneriori
928 3473 1051 3572 palato
1082 3471 1240 3575 praediti
1273 3471 1382 3552 illico
1408 3495 1498 3570 per*

181 3587 263 3654 eutr
282 3582 384 3654 cunt.

262 3677 355 3755 Vll.
380 3671 544 3752 Prustus
564 3672 772 3788 congelati,
796 3675 921 3758 veluti
951 3697 1080 3776 poma,
1100 3673 1323 3772 regelantur
1347 3671 1491 3748 immis-

167 3773 283 3854 fione
306 3773 347 3854 in
375 3797 512 3876 aquam.
537 3773 819 3873 persrrgidam‚
854 3776 904 3853 ita
929 3791 1079 3872 tamen,
1109 3791 1155 3854 ut
1177 3774 1331 3854 interna
1367 3771 1500 3872 glacie
1638 3813 1646 3830 ·

163 3876 374 3976 eliberati,
401 3891 560 3952 externa
592 3873 744 3974 glaciali
769 3875 897 3957 crusta
930 3871 1308 3956 circuminduantur.
1371 3872 1501 3956 illust.

162 4005 230 4058 van
248 3989 352 4053 sarran
368 3975 491 4054 refert
504 3997 552 4052 ex
578 3981 713 4053 tardam
736 3975 925 4056 viatorem
953 3973 1171 4082 quempiam
1188 3973 1409 4055 vehementi
1427 3976 1500 4054 sri-

164 4099 262 4192 gore
287 4099 359 4156 ceu
381 4075 838 4177 mortuumobmguilleg
875 4079 1021 4158 delatus
1046 4073 1102 4154 est
1127 4075 1168 4154 in
1192 4075 1499 4182 hypocaustum,

162 4175 345 4283 mihique
359 4176 404 4262 in
422 4173 592 4282 gelidam
613 4201 756 4362 aquen&
769 4177 950 4270 immillus
980 4175 1156 4290 glacialia
1181 4201 1230 4268 ex
1253 4177 1294 4261 se
1320 4172 1502 4356 umidi-que

247 4325 253 4332 ·
783 4303 811 4361 u
833 4303 863 4362 o
1381 4299 1447 4382 prr
