3782 4958
435 490 720 572 Panuncrro
739 484 812 570 IV.
847 483 918 570 Dr
945 485 1098 572 Attal
1366 504 1440 618 335

9 659 11 758 ζ
145 677 253 778 juxta
279 669 423 774 spatia,
448 673 492 756 in
512 673 771 754 Arithmetica
794 673 1064 774 progreffione
1090 668 1335 774 crescentia,
1363 671 1488 778 densi-

143 793 240 856 tates
257 776 358 858 aeris
375 775 418 855 in
436 779 690 878 proportione
706 775 953 856 Geometrica
972 771 1202 856 decrescant
1220 777 1271 878 (l.
1288 804 1347 878 99.
1361 776 1486 878 anah.)

9 977 10 982 .
144 883 297 968 Verum
320 879 438 980 longe
459 879 566 958 secus
582 879 742 978 evenit3
773 877 1007 959 Clarissimus
1027 878 1174 980 quippe
1194 883 1323 976 caffinas
1339 878 1486 959 Histor.

9 1041 11 1082 q
142 979 269 1062 Acad.
288 983 384 1081 lleg.
414 981 526 1080 Paris.
557 1007 677 1084 1705,
701 1003 775 1082 per
805 979 1071 1080 experimenta
1125 993 1282 1058 uantum
1311 976 1359 1056 ad
1384 979 1485 1058 alti-s·

9 1087 11 1136 ⁸
142 1083 252 1162 simas
268 1081 462 1162 distantias
488 1081 580 1162 fieri
608 1083 755 1181 licuit,
783 1079 1066 1182 deprehendit,
1093 1008 1297 1160 densitates
1321 1082 1359 1162 da
1383 1107 1486 1184 pon·

145 1182 241 1264 dera
267 1183 367 1264 airis
405 1185 448 1264 in
479 1185 758 1266 remotioribus
784 1212 805 1264 a
831 1184 1000 1263 Tellure
1032 1181 1222 1265 distantiis
1250 1183 1372 1262 multo
1409 1181 1485 1262 elie

9 1367 10 1372 .
142 1286 319 1384 minora,
345 1310 459 1390 quam
487 1290 688 1388 proportio
715 1287 783 1366 illa
810 1287 1062 1367 Geometrica
1085 1283 1331 1388 postularet3
1360 1285 1486 1367 Causa

142 1389 256 1491 hujus
283 1385 358 1466 else
384 1391 529 1489 potest,
556 1390 664 1490 quod
694 1387 872 1489 superior
901 1397 969 1468 aer
992 1387 1114 1470 multo
1135 1387 1275 1489 purior
1299 1383 1336 1466 δι
1357 1385 1485 1468 rarior

141 1492 330 1586 majorem
357 1491 438 1568 uim
467 1491 660 1570 elasticam
687 1491 934 1594 assequatur,¹
969 1515 1083 1595 quam
1109 1489 1276 1570 inferior
1302 1497 1393 1587 adr,
1419 1515 1486 1590 va-

141 1588 245 1692 pidis
263 1588 529 1693 undequaque
549 1594 701 1672 luxatus
721 1588 971 1688 humoribus.
997 1591 1179 1672 obtinere
1196 1593 1321 1691 poffit.
1377 1590 1484 1668 Hinc

142 1719 224 1773 non
245 1695 388 1774 absona
414 1694 519 1774 illius
541 1693 631 1776 effer
652 1693 876 1794 sententia,
902 1695 972 1796 qui
1000 1719 1087 1774 cum
1115 1707 1253 1773 Neurono
1277 1694 1486 1790 statueret,

141 1794 249 1898 quod
276 1793 454 1896 pondera
476 1797 545 1875 seu
572 1796 777 1894 gravitates
801 1795 902 1876 atris
927 1796 968 1875 in
992 1797 1209 1898 aequalibus
1232 1800 1400 1876 aTerra
1424 1791 1484 1870 di-

141 1895 291 1980 stantiis
315 1897 481 1976 habeant
497 1899 537 1974 se
568 1897 775 1997 reciproce
791 1911 833 1976 ut
851 1895 1035 1996 quadrata
1054 1895 1320 1980 distantiarum
1337 1901 1481 2073 iim

9 2017 11 2100 3
144 2000 448 2103 L.IlI.)hacque
466 1997 619 2081 ratione
633 1995 888 2099 procedendo
907 1997 1032 2080 asserit
1046 1998 1215 2078 summus
1230 1997 1299 2075 ille
1315 2001 1343 2076 P
1371 1996 1486 2080 iloso·
1636 2005 1641 2012 ’

9 2111 10 2140 ³
140 2103 243 2204 phus
268 2101 307 2180 se
332 2101 522 2182 invenisse
544 2127 565 2176 :·¹
592 2107 680 2205 quod
701 2107 834 2202 atr,ss
855 2099 1037 2201 ascendatur
1061 2130 1081 2174 a
1100 2105 1255 2207 superficie
1284 2109 1416 2199 Τιννιε,Ἰ
1442 2101 1488 2171 ad

142 2207 341 2284 altitudinem
370 2206 594 2308 semidiametri
617 2216 704 2280 unita
733 2205 908 2302 tarrallria,
933 2208 1098 2303 rariorstt
1122 2233 1218 2306 quam
1243 2203 1330 2304 apud
1343 2232 1425 2288 noa,
1451 2207 1487 2274 in

143 2321 264 2386 ratione
289 2313 373 2411 longa
398 2313 536 2405 majori,
569 2335 667 2410 quam
692 2305 725 2406 s
733 2313 791 2381 atii
816 2316 910 2381 amnui
942 2309 1028 2406 infra
1061 2306 1162 2386 orbem
1197 2313 1328 2383 Saturni
1356 2305 1402 2378 ad
1415 2308 1486 2406 gia-

9 2501 11 2514 .
138 2408 212 2486 bum
245 2411 398 2486 diametro
423 2412 514 2514 digiti
544 2419 631 2484 uanius
656 2331 868 2512 desirilrtum
901 2409 1028 2510 ideoque
1045 2409 1151 2510 glabra
1177 2419 1254 2482 a'tn't
1279 2409 1382 2505 nostri,
1405 2411 1486 2508 digi-

141 2533 210 2588 tam
236 2542 334 2588 unum
372 2517 476 2606 larua,
512 2538 546 2585 aa
572 2537 643 2595 cum
668 2517 826 2598 raritate,
857 2539 955 2613 quam
981 2509 1071 2584 halet
1096 2522 1130 2586 in
1155 2509 1321 2588 altitudine
1337 2507 1488 2608 semidia-

138 2619 351 2692 meari'annu
378 2617 544 2712 terrestria,
572 2616 710 2708 implerat
727 2639 828 2688 amnas
855 2615 1057 2688 I‘ianatarum
1074 2625 1209 2714 regionis
1236 2610 1371 2714 adusque
1384 2609 1485 2721 spba-

9 2709 16 2788 :
142 2746 215 2796 ram
238 2728 387 2807 saturat,
406 2721 447 2792 ts
462 2720 547 2814 lange
563 2717 654 2789 ultra.
683 2711 771 2790 Lib.
793 2714 865 2789 ΙΙΙ.
883 2710 1053 2810 Princip.
1069 2717 1187 2812 Prop.
1204 2735 1265 2808 41.
1321 2713 1394 2790 Cur
1404 2709 1483 2804 jam

143 2818 188 2995 gt
221 2815 373 2896 animus
406 2810 677 2914 atmosphaerae
713 2810 957 2892 altitudinem
1001 2811 1043 2889 in
1070 2826 1174 2893 tanta
1206 2809 1305 2890 aeris
1328 2807 1484 2888 raritate

170 2917 356 2997 ivinare?
634 2944 636 2950 ·
1319 2970 1324 2977 -

9 3109 11 3128 p
246 3025 276 3122 §.
308 3031 393 3123 389.
451 3017 641 3133 Denique
666 3013 822 3094 alteram
859 3036 1170 3097 commemorare
1203 3015 1311 3117 juvat
1335 3013 1483 3092 metho·
1503 2999 1610 3075 MV
1609 2999 1661 3078 1¹1
1799 3043 1802 3048 ¹

144 3121 241 3204 dum
269 3117 499 3222 explorandi
527 3115 769 3198 altitudinem
796 3120 1078 3224 'atmosphaerae
1115 3126 1244 3197 aereae
1270 3141 1318 3196 ex
1345 3104 1560 3218 crepu-Ft'g·
1577 3123 1612 3182 2·

144 3225 343 3304 sculorum
371 3221 545 3302 initio&
570 3218 676 3320 fine3
705 3235 817 3326 atque
840 3223 986 3304 utinam
1013 3221 1180 3303 invento
1208 3219 1298 3302 huic
1325 3215 1515 3320 sagacis.

144 3327 244 3405 iimo
281 3351 350 3426 par
376 3347 532 3428 quoque
566 3320 732 3402 felicitas
764 3323 1030 3427 responderet.
1105 3329 1239 3428 Itaque
1266 3324 1311 3404 fit
1344 3323 1484 3423 globus

145 3433 291 3508 Terrae
317 3431 447 3526 ΑΒΘ,
472 3425 727 3523 atmosphaera
749 3427 848 3506 aeris
873 3433 1014 3529 ΜΕΝ,
1041 3429 1172 3507 semita
1189 3424 1362 3526 denique
1388 3422 1484 3502 sola·
1569 3501 1573 3508 ,

144 3531 201 3609 ris
223 3534 335 3610 XSO.
388 3530 443 3607 Sit
460 3526 565 3608 oculi
591 3527 634 3606 in
661 3533 699 3608 Α
720 3527 922 3611 constituti
946 3531 1117 3612 horizon
1139 3526 1483 3618 sensibilisRAG3
1621 3605 1624 3614 .

145 3631 240 3712 huic
265 3629 382 3709 oculo
408 3644 500 3709 tum·
516 3629 685 3728 primum
711 3629 783 3710 fiet
805 3633 1096 3735 crepusculum,
1123 3655 1212 3712 curn
1229 3631 1284 3711 sol
1301 3627 1401 3705 insra
1415 3625 1483 3702 ho·

147 3737 344 3814 rizontem
371 3735 449 3812 AG
475 3729 643 3833 degens„
670 3730 892 3812 sensibilem
916 3737 1188 3835 atmosphaerae
1213 3745 1359 3834 partem
1385 3727 1483 3826 ini}

146 3834 267 3917 radiis
291 3832 366 3912 suis
392 3833 706 3914 collustraverit:
734 3835 869 3938 itaque*
887 3863 1074 3936 ponamus
1104 3835 1224 3916 solem
1257 3859 1331 3916 aoo
1353 3828 1482 3932 gradi-

147 3942 222 4020 bus
246 3936 349 4014 insra
382 3935 627 4016 horizontem
654 3933 728 4016 elie
756 3935 1002 4040 depressum,
1029 3939 1082 4018 fic
1106 3953 1265 4038 tamen,
1298 3948 1339 4016 ut
1365 3933 1484 4014 radiis

146 4041 250 4133 suis.
277 4039 346 4143 qui
374 4038 415 4120 in
435 4037 650 4118 summitate
665 4040 934 4140 atmosphaerae
956 4046 989 4120 F
1014 4038 1306 4141 restinguatur,
1332 4061 1404 4140 per
1421 4038 1486 4118 su·-

146 4141 330 4247 perficiei
355 4140 548 4222 terrestris
573 4139 756 4238 puniium
781 4145 838 4240 K,
864 4141 912 4220 ad
934 4143 1187 4228 summitatem
1214 4141 1484 4244 atmosphaerae

146 4241 312 4325 vifibilis
337 4243 380 4324 in
407 4249 442 4328 E
466 4239 572 4324 resia
597 4241 703 4324 linea
728 4245 931 4350 pertingat.
973 4281 974 4285 ¹
997 4247 1086 4332 Erit
1104 4247 1266 4352 angulus
1285 4249 1415 4425 FEsg)
1433 4265 1482 4353 ex

195 4404 202 4415 ·
238 4421 241 4426 .
1320 4375 1431 4429 raro
