3782 4958
210 467 1314 594 'PinixlllesoimirIrsrc.l?iiorioc.l.roit
1362 505 1438 592 43⁹
1582 435 1596 456 .>

127 715 131 720 ·
154 693 266 800 polilt
280 693 419 773 allici?
444 685 700 768 continentur
718 699 886 781 namque
904 676 946 758 in
965 679 1056 758 aere
1079 675 1262 780 plurimae
1282 679 1485 778 heteroge-

156 821 248 878 neae
264 792 599 888 subtiliffimaeque
615 793 762 896 partes,
788 801 881 882 quae
897 777 1055 894 quidem
1074 803 1150 881 pro
1166 801 1228 882 eo,
1245 805 1291 858 ac
1306 777 1413 860 varia
1436 777 1483 858 fi.

150 923 262 1001 gura,
279 887 551 993 magnitudine
569 887 607 965 da
628 883 773 962 duritie
795 877 976 978 praeditae
991 879 1101 980 sunt,
1114 881 1221 959 varia
1240 880 1484 986 quoqueela..

147 999 309 1081 llicitate
326 995 544 1087 donantur,
566 988 605 1067 da
621 981 740 1060 variis
759 977 987 1078 impulsibus
1010 979 1063 1058 sic
1081 981 1169 1060 sunt
1191 981 1350 1070 idoneae
1375 1005 1484 1060 com·

146 1097 325 1198 moveri,
350 1109 395 1174 ut
424 1089 471 1171 ad
491 1083 748 1169 vibrationem
766 1079 986 1181 quampiam
1003 1091 1173 1182 certam*
1184 1082 1252 1164 seu
1267 1098 1482 1162 tremorem

148 1197 278 1284 sonori
295 1193 476 1297 corporis
490 1191 576 1268 illae
593 1199 722 1263 tamen
739 1180 837 1260 aeris
857 1183 1083 1294 particulae,
1108 1207 1198 1284 quae
1217 1185 1300 1286 pari
1316 1181 1481 1263 elastici.
1496 1179 1644 1284 puppii

146 1315 225 1382 tate
239 1301 415 1398 pollent,
439 1291 591 1376 viribus
612 1285 692 1366 suis
711 1281 877 1362 elasticis
898 1299 1241 1384 proportionatum
1267 1303 1480 1366 tremorem
1490 1283 1559 1386 [aaa
1588 1282 1632 1356 υ*

147 1401 357 1500 accipiant,
383 1411 496 1499 atque
521 1385 693 1470 eundem
715 1397 928 1464 tremorem
956 1385 1040 1464 aliis
1065 1386 1258 1486 contiguis
1274 1383 1482 1468 concordi·
1498 1389 1641 1464 camara·

2 1513 3 1516 ‘
146 1506 221 1584 bus
238 1499 441 1602 particulis
464 1481 789 1574 communicando
807 1483 962 1563 tandem
987 1482 1035 1563 ad
1061 1486 1185 1585 ipsum
1203 1513 1328 1592 iisque
1352 1489 1481 1568 senso.

144 1605 248 1685 rium
263 1599 518 1698 transierant,
543 1589 627 1670 aliis
645 1585 1065 1689 diversaeelssticitatis
1080 1587 1274 1685 particulis
1289 1617 1482 1672 noncon·

145 1701 469 1784 tremiscentibua
519 1690 696 1778 Theoria
710 1688 799 1766 liaec
819 1688 1049 1786 confirmari
1068 1711 1117 1766 ex
1132 1691 1309 1794 analogia
1324 1693 1475 1794 potest3

174 1805 256 1888 uod
279 1807 346 1884 lux
361 1821 541 1908 quoque,
559 1815 651 1908 quae
669 1797 762 1902 aere
776 1790 901 1868 multo
921 1791 977 1868 ell
998 1791 1200 1892 subtilior,
1217 1796 1349 1895 plures
1362 1791 1476 1874 etiam

145 1831 318 1988 diversae
339 1893 669 2000 reirangibilitatis
683 1887 854 1968 radiolos
871 1889 1168 1992 complebatur,
1183 1919 1275 1996 quae
1292 1913 1391 1997 aptae
1405 1892 1478 1973 sint

47 2057 54 2063 -
145 2035 231 2090 non
251 2005 368 2087 modo
385 2001 560 2082 diversos
577 1994 743 2109 excitare
762 1989 937 2092 colores,
963 1989 1031 2066 sed
1059 1993 1174 2070 etiam
1206 2021 1228 2073 a
1250 1995 1482 2078 seinvicem

2 2203 6 2210 ¹
147 2113 239 2190 aitis
261 2105 460 2186 beneficio
484 2103 651 2198 separari
678 2093 816 2192 possint
830 2094 889 2194 (s.
907 2097 1013 2194 467)
1032 2119 1045 2187 ς
1079 2105 1163 2173 tuin
1181 2097 1336 2198 etiam,
1368 2093 1485 2198 quod.

144 2209 424 2314 percipiamus,
450 2195 781 2307 sicytharae-bene
797 2189 1046 2306 concordatae
1067 2217 1187 2294 penes
1212 2198 1252 2276 se
1274 2197 1481 2372 jacuerinpp

146 2313 187 2392 da
204 2311 365 2390 alterius
380 2302 539 2410 quidem
556 2297 735 2409 cytharae·
749 2319 829 2372 una
847 2295 976 2395 aliqua
992 2295 1140 2377 chorda
1160 2299 1352 2400 pulsetur,
1367 2325 1446 2400 quo

146 2414 323 2516 inquam,
347 2405 615 2514 percipiamus·
628 2397 793 2476 alterius.
810 2419 968 2572 puoque
984 2400 1152 2502 cytharae
1176 2399 1359 2482 chordam
1382 2401 1485 2500 ejus·-

146 2513 239 2593 dem
254 2512 337 2593 toni
356 2513 493 2589 sonare
515 2535 524 2585 :
549 2525 641 2605 quia
653 2519 797 2612 nempe
845 2496 1084 2601 aeccborda,
1111 2499 1159 2578 ad
1174 2503 1487 2584 unisonumten-.

145 2619 187 2695 sa
206 2613 379 2714 ejusdem
399 2606 555 2711 prorsus
578 2601 811 2679 clastieitatis
836 2601 914 2701 cst,
938 2617 1020 2698 uta
1046 2619 1242 2684 commoto
1268 2627 1339 2705 per
1362 2603 1474 2680 aliam
1575 2611 1594 2642 ⁰

145 2714 325 2803 similiter
341 2715 544 2793 sonantem
559 2697 746 2816 chordam
762 2707 853 2780 ae're
875 2701 990 2814 pollit
1008 2707 1263 2784 commoveri.
1320 2700 1476 2784 Exinde
1516 2712 1521 2722 ’

144 2817 326 2921 patescit,
351 2807 553 2918 quomodo
571 2806 655 2882 aliis
670 2809 769 2916 aeris
788 2799 984 2914 particulis
1001 2801 1044 2878 in
1062 2801 1201 2881 eodem
1221 2801 1479 2886 cubiculoali-

143 2935 210 2998 ter
226 2933 341 3019 atque
358 2916 470 2995 aliter
487 2900 905 3000 contremiscentibus,
929 2900 1031 2982 varii
1045 2904 1128 2984 toni
1154 2907 1293 3006 poffint
1308 2903 1418 2983 simul
1437 2902 1484 2982 δι.

147 3017 268 3101 semel
286 3014 474 3096 exaudiri.
1412 3019 1415 3024 ’

2 3215 3 3218 w
58 3187 70 3208 .
177 3201 183 3212 ,
248 3130 340 3199 Dices
361 3147 373 3194 .·
398 3113 545 3220 Nequit
566 3103 782 3211 explicari,
808 3125 1023 3207 quarenam,
1049 3101 1194 3205 pulsate
1217 3103 1375 3186 sortiter
1398 3111 1478 3188 und

146 3219 293 3302 chordl
308 3216 468 3298 alterius
491 3212 662 3319 cytharae
688 3205 836 3287 chorda
857 3205 1023 3288 unisona
1056 3205 1214 3286 resonet
1236 3206 1283 3286 ab
1306 3215 1398 3287 aere
1415 3233 1480 3308 pa·

140 3325 245 3406 aiter
259 3317 586 3400 contremiscente
603 3309 790 3411 impulsa,
817 3298 854 3386 di
876 3333 957 3388 non
973 3307 1261 3386 resonent-aliae
1279 3307 1439 3388 chordae
1460 3312 1477 3386 ἓ

2 3451 5 3468 ’
140 3425 431 3528 quibustamen
453 3409 750 3495 commovendis
765 3407 825 3488 vis
841 3409 942 3488 aeris
968 3407 1125 3487 tremuli
1149 3409 1305 3487 abunde
1329 3406 1485 3487 suffice·-

2 3527 3 3532 ‘
146 3539 237 3640 ret,
272 3539 410 3602 verum
443 3514 731 3617 respondetur,
762 3505 865 3610 posse
891 3509 1113 3612 explicari:
1161 3533 1250 3586 nain
1275 3507 1484 3596 vibrentur

144 3626 345 3708 fortrffime
362 3621 444 3700 illae
460 3616 665 3720 particulae
682 3609 803 3708 aeris,
827 3635 918 3714 quae
947 3609 988 3691 vi
1012 3607 1244 3689 clasticitatis
1269 3609 1350 3687 suae
1375 3606 1490 3686 intra·

2 3706 21 3741 ⁸
144 3728 338 3806 minutum
362 3720 578 3803 secundum
603 3741 649 3815 ας
670 3712 860 3793 subsultus
881 3724 1111 3812 exerceant,
1135 3719 1490 3808 nunquamtamen·.

146 3823 493 3908 communicabunt
508 3837 718 3901 tremorem
734 3815 919 3896 sonorum
936 3809 996 3892 illi
1016 3806 1200 3908 cliordae,
1222 3832 1315 3909 quae
1330 3826 1415 3908 apta
1432 3808 1486 3888 sit·

146 3931 250 4008 intra
283 3921 473 4004 nsloutum
497 3915 713 4001 secundum
736 3915 912 4018 trigesies
936 3911 1113 4014 vibrari3
1143 3931 1284 4010 nempe
1305 3907 1488 4012 quamvis

147 4031 195 4110 ab
215 4037 304 4109 aere
332 4025 503 4104 tremulo
525 4016 671 4101 chorda
695 4015 886 4116 ejusmodi
917 4013 1083 4092 diversae
1108 4009 1338 4092 elaslicitatis
1358 4011 1482 4112 prima

145 4127 370 4211 vibratione
389 4135 707 4217 commoveatur,
731 4121 822 4219 quia
835 4117 964 4198 tamen
981 4111 1239 4213 vibrationes,
1264 4115 1332 4195 seu
1349 4113 1484 4195 itus&

147 4227 298 4309 reditas
310 4225 416 4308 aeris
430 4251 513 4308 nou
527 4222 621 4304 suut
636 4241 770 4323 aeque
782 4217 942 4303 diurnae
960 4241 1052 4300 cum
1066 4215 1350 4312 vibrationibus
1368 4216 1487 4394 1{hore

281 4389 287 4398 .
340 4349 342 4356 ’
1398 4338 1434 4396 ae
