3792 4958
214 427 1330 578 Prat.XVlH.DnMoruPaoJrca.arAarAEarr·
1362 487 1438 570 251

159 658 226 736 tal.
245 665 281 735 X.
307 667 379 756 cap.
402 665 442 732 πί.
470 653 720 756 scorpionum
747 621 987 752 ejmcemodi
1012 653 1329 768 constitutionem
1349 655 1463 737 affert
1479 679 1489 734 a
1508 676 1584 758 Tol.
1595 683 1664 760 pp,

16 754 23 765 '
158 759 271 860 super
286 760 407 859 longo
422 757 532 859 tigno
557 767 597 838 A
619 757 828 837 transtrum
847 758 888 837 in
908 763 1096 838 centroB
1125 757 1362 858 imponitur,
1387 758 1492 840 circa
1509 787 1614 894 382²·

14 899 15 956 3
154 859 260 964 quod
281 864 420 976 longua
451 859 609 963 quidam
636 857 805 938 bieruris
831 861 909 942 axis
933 862 999 961 D,
1025 875 1209 962 tanquam
1236 860 1339 941 circa
1366 872 1516 952 moll*

155 977 332 1044 centrum
354 979 546 1066 agitatur3
575 961 829 1041 brevioribus
856 961 1004 1044 duabus
1028 961 1332 1046 extremitatibus
1354 964 1434 1044 axis
1449 965 1492 1044 D

153 1066 335 1166 appensae
352 1065 439 1146 sunt
456 1063 564 1146 cistae
581 1063 780 1164 lapidariae
796 1086 932 1164 graves
951 1068 1020 1146 CC
1039 1089 1052 1162 ς
1087 1077 1225 1144 'contra
1251 1090 1415 1170 quorum
1432 1063 1493 1144 ni-

13 1165 17 1186 ”
153 1167 237 1247 sum
255 1167 336 1246 axis
358 1169 399 1248 D
417 1167 556 1246 conica
574 1165 704 1268 cuspis
729 1171 764 1242 G
787 1165 999 1267 retinetur,
1025 1163 1197 1267 depressa
1221 1191 1294 1267 per
1317 1169 1495 1249 ferreum

153 1267 307 1350 vestem
328 1271 410 1350 ΕΚ.
463 1265 625 1369 Cuspidi
653 1273 689 1347 G
714 1266 928 1367 applicatur
951 1265 1072 1349 sunda
1091 1273 1158 1368 R,
1186 1267 1352 1366 lapidem
1370 1277 1409 1350 H
1435 1268 1495 1346 in·

90 1397 93 1404 ’
151 1370 331 1450 volvena
379 1367 559 1452 Extratla
583 1370 701 1472 igitur
723 1395 796 1469 per
824 1369 1042 1452 funiculum
1068 1375 1104 1452 E
1128 1367 1501 1470 ferreo-vestem,

12 1527 17 1558 -,
151 1473 190 1550 vi
214 1471 396 1556 cistarum
414 1473 675 1570 prementium
693 1477 793 1572 CC,
830 1471 1006 1555 elevatur
1022 1461 1201 1574 axis'D3
1227 1469 1401 1552 sundall
1417 1491 1496 1552 una

151 1573 193 1652 in
214 1573 497 1654 extremitatea
524 1573 683 1672 cuspide
703 1579 738 1654 G
767 1574 985 1676 liberatur,
1009 1573 1047 1652 dt
1072 1573 1172 1674 lapis
1193 1575 1261 1654 vel
1288 1575 1493 1673 plumbum

11 1701 14 1770 ξ
151 1683 189 1758 Η
209 1677 352 1775 procul
373 1677 507 1754 avolat.
559 1679 667 1757 Dum
693 1677 826 1758 rursus
851 1676 1004 1776 scorpio
1029 1671 1257 1760 onerandus
1276 1678 1356 1776 est,
1372 1693 1496 1764 ,attra-

149 1776 258 1858 hitur
285 1777 414 1878 cuspis
437 1781 472 1858 G
503 1779 686 1858 deorsum
713 1803 785 1876 per
815 1777 952 1886 sunem
981 1779 1032 1878 P,
1056 1801 1105 1858 ex
1129 1789 1213 1858 rota
1239 1773 1396 1858 dentata
1420 1781 1495 1877 M3
1605 1809 1608 1826 ·

149 1879 436 1980 pertrochleas
454 1879 542 1958 N&
560 1888 594 1958 0
613 1880 851 1980 protensum.
902 1879 1048 1982 Jofipaus
1066 1880 1107 1958 in
1128 1875 1335 1960 obsidione
1352 1879 1497 1997 Hiero·

148 1981 320 2086 solymae
340 1981 404 2080 ait,
421 1977 567 2082 lapides
585 2007 658 2078 roo
675 1980 787 2060 libris
810 1981 1010 2082 graviores
1027 1978 1171 2082 ejectos
1184 1979 1294 2062 suisle
1309 2003 1383 2080 per
1397 2003 1499 2082 ejus·

151 2077 310 2164 cernodi
343 2083 557 2184 machinas,
582 2083 625 2164 in
659 2083 836 2166 hostilem
872 2077 1113 2183 exercitum,
1137 2105 1214 2188 250
1247 2083 1411 2184 passibus
1440 2078 1498 2158 di-

11 2343 13 2364 .
146 2187 386 2387 staminio&
419 2283 557 2365 Altera
580 2286 747 2366 vetustae
789 2239 1052 2390 ejaculationis
1078 2280 1285 2384 machina,
1308 2280 1386 2366 suit
1410 2307 1497 2362 carr·
1527 2305 1677 2410 cmm.

146 2393 249 2496 palla·
299 2371 676 2467 illustrisFoL.t1tD
697 2393 825 2480 Histoire
843 2395 881 2467 de
899 2390 1011 2490 Polybo
1039 2396 1128 2466 Tam.
1153 2393 1196 2465 ll.
1222 2393 1332 2468 ’Μεέ
1357 2387 1432 2466 del?
1449 2411 1498 2465 ap.
1513 2423 1557 2481 ,ὦ

10 2579 12 2596 2
150 2513 268 2596 uque,
292 2495 335 2567 Η
353 2491 390 2564 dc
410 2497 441 2566 la
459 2491 573 2591 defensa
590 2491 644 2567 der
667 2495 772 2568 Places
788 2493 842 2569 des
859 2503 991 2570 aarum.
1051 2488 1241 2570 Censorii
1259 2488 1370 2589 virga
1389 2489 1497 2568 seve-

147 2615 195 2671 re
214 2605 328 2670 notat
353 2597 540 2667 ramularum
559 2596 771 2706 ,Ulr'pssum
798 2595 1003 2708 saburrum,
1029 2593 1098 2712 qui
1127 2605 1305 2671 veterum
1332 2590 1497 2688 catapul-

148 2708 228 2772 tam
254 2689 366 2770 nobis
384 2689 636 2791 depinxerint
670 2715 718 2768 ex
744 2691 836 2772 solis
860 2681 1495 2793 imaginatronissuaeideis,s1ne

143 2791 429 2874 conformitate
468 2793 516 2872 ad
543 2801 675 2872 Herone
700 2793 737 2869 a
766 2803 903 2870 Vitruvia·
931 2806 1221 2886 monumentor
1272 2792 1495 2874 Genuinam

145 2896 284 2997 itaque
300 2893 407 2974 illius
432 2891 662 2976 struituram
683 2893 754 2970 hac
782 2893 932 2974 ratione
954 2893 1165 2980 instaurata
1207 2898 1315 2973 I'ntra
1333 2915 1498 2996 repagu-
1512 2904 1588 2986 Tib.
1605 2909 1673 2988 κν,

149 3000 235 3078 lurn
253 2996 451 3174 lifneum,
470 2995 573 3075 sorte
591 3001 644 3090 A,
662 2998 709 3094 B,
728 2997 776 3093 C,
794 2996 835 3075 D
855 2994 1060 3076 transmissi
1079 2994 1169 3074 sunt
1186 2993 1426 3096 multiplices
1439 2995 1497 3077 su·
1515 3013 1579 3116 teg.
1591 3035 1621 3106 ς.

149 3121 249 3196 nes,
291 3122 343 3180 eu
361 3097 522 3177 chordae
550 3093 741 3196 elasticae,
766 3119 858 3198 quae
884 3097 987 3181 intra
1017 3110 1117 3174 rotae
1145 3093 1315 3179 dentatae
1332 3105 1369 3180 H
1388 3123 1499 3179 axem

146 3209 185 3282 0
206 3199 261 3281 ita
282 3199 560 3296 continentur,
585 3219 630 3278 ut
648 3221 722 3296 ope
754 3197 912 3280 alterius
928 3218 1029 3282 rotae
1049 3196 1216 3282 dentatae
1230 3203 1253 3280 I
1267 3199 1391 3302 magis
1406 3227 1498 3282 con·

145 3301 359 3416 torqueri,
381 3303 444 3378 vel
474 3299 620 3379 remitti
646 3319 791 3400 queant
819 3313 828 3376 t
862 3299 970 3380 inter
993 3299 1158 3380 chordas
1184 3307 1220 3382 G
1245 3302 1497 3404 intercipitur

144 3401 273 3484 vostre
290 3405 351 3502 K,
376 3404 444 3504 qui
473 3403 520 3480 ab
549 3399 731 3504 adjunilo
758 3403 856 3483 sune
883 3405 925 3481 in
952 3407 1008 3502 L,
1033 3425 1106 3503 per
1128 3405 1341 3483 trochleam
1363 3409 1431 3502 M,
1458 3408 1496 3486 dt

145 3528 264 3586 axem
290 3503 333 3583 in
355 3505 599 3604 peritrochio
624 3507 651 3583 P
677 3501 729 3584 ita
753 3501 1012 3605 deprimitur,
1037 3521 1080 3586 ut
1101 3503 1258 3584 tandem
1276 3502 1496 3584 extremitas

140 3604 272 3695 vestis
293 3609 328 3684 K
346 3631 418 3706 per
434 3631 580 3686 uncum
598 3603 893 3706 Nattineatur3
921 3619 1001 3686 turn
1021 3605 1236 3706 imponitur
1262 3603 1358 3706 lapis
1375 3605 1417 3682 in
1436 3631 1496 3684 ca-

145 3709 309 3789 vitatem
330 3705 453 3788 vetlis
470 3711 527 3808 K,
553 3708 700 3788 laxatur
715 3705 820 3786 sunis
845 3707 1075 3808 peritrochii
1094 3711 1148 3807 P,
1176 3705 1269 3784 deni
1297 3728 1349 3786 ue
1367 3731 1497 3790 uncus
1579 3792 1582 3801 ,

142 3817 212 3912 N,
239 3809 321 3890 istu
338 3809 467 3888 mallei
496 3809 706 3910 impulsus,
733 3806 889 3887 dimittit
909 3808 1060 3888 uestem
1086 3811 1142 3908 K,
1170 3807 1236 3910 qui
1258 3736 1493 3889 dordonam
1551 3837 1615 3917 Α,

146 3917 186 3990 G
216 3912 440 3992 clastieitate
467 3913 603 3993 versus
631 3916 699 3990 EF
726 3910 946 4010 cribratur,
971 3907 1216 4010 lapidemque
1242 3907 1290 3989 ad
1315 3933 1493 4009 magnam

146 4013 367 4094 distantiam
401 4039 489 4094 cunr
515 4015 657 4096 summa
676 4013 715 4092 vi
743 4009 927 4116 explodit.
979 4012 1067 4110 lpse
1083 4009 1251 4091 Illustris
1266 4010 1422 4092 Autlor
1439 4021 1494 4088 so-

145 4119 225 4196 lard
252 4120 478 4214 catapultam
496 4116 696 4218 parvulam
713 4111 886 4195 construi
908 4112 1002 4192 fecit
1032 4139 1079 4194 10
1097 4114 1189 4212 poll.
1216 4110 1493 4214 longitudinis,

149 4219 191 4300 dc
208 4243 254 4323 13
271 4215 511 4326 latitudinis,
537 4218 644 4324 cuius
658 4216 698 4301 vi
706 4213 762 4404 {a
772 4217 930 4300 testatur
949 4213 1116 4318 globum.
1133 4215 1493 4396 plumbeudouniffi

195 4377 201 4384 -
750 4339 816 4402 12
1384 4335 1442 4402 1ae
