3782 4958
446 530 526 608 ,422
950 487 1217 568 Sacrroltts
1254 475 1310 562 11.

401 693 548 767 lentem
568 677 732 756 vitream
759 689 975 748 convexam
996 677 1204 768 exceptos,
1228 667 1270 747 in
1296 667 1387 748 foco
1412 668 1569 766 rursus,
1595 667 1639 746 in
1667 689 1745 770 quo
1867 683 1868 688 Ν

404 779 625 868 decussatim
652 781 902 855 concurrunt
925 791 1096 869 omnes,
1131 766 1337 849 candidam
1370 769 1501 848 lucem
1522 769 1745 864 exhibere,

405 908 555 973 atvero
570 877 655 986 post
673 875 806 957 locum
832 869 963 984 denuo
993 868 1102 948 abire
1131 870 1173 949 in
1199 870 1356 972 priores
1380 871 1556 969 colores,
1582 870 1745 948 inverso

403 1015 533 1076 tamen
567 977 712 1063 ordine
760 983 1011 1088 pro'ratrone
1045 970 1161 1050 lentis
1185 971 1452 1072 refringentis.
1500 971 1564 1052 Fit
1583 969 1745 1076 quidem

404 1093 605 1202 persaepe,
630 1033 739 1186 quod
753 1073 852 1156 radii
871 1075 971 1152 lucis
990 1096 1063 1187 per
1087 1073 1236 1152 lentem
1254 1099 1470 1155 convexam
1495 1074 1676 1174 resrasti,
1700 1073 1743 1150 in

405 1201 497 1278 soco
515 1193 672 1273 colores
685 1173 898 1286 quosdam,
922 1196 1125 1288 praecipue
1152 1175 1318 1256 rubrum
1340 1177 1618 1258 &caeruleum
1637 1177 1744 1254 exhi.

408 1303 547 1396 beant,
573 1291 685 1390 cujus
700 1279 862 1396 quidem
883 1297 942 1354 rei
960 1275 1076 1389 'causa
1093 1276 1171 1390 est,
1197 1275 1350 1356 diversa
1375 1274 1578 1359 mdiorum
1593 1277 1744 1358 reiran-

405 1399 599 1506 gibilitas,
622 1387 886 1470 violacrorum
900 1400 1049 1494 quippe
1069 1378 1271 1456 radiorum
1287 1386 1410 1483 major
1432 1381 1489 1460 est
1504 1380 1744 1482 reirangibia

404 1507 491 1586 litas
508 1519 621 1606 quam
638 1491 873 1583 rubrorum,
899 1479 993 1594 hanc
1008 1479 1087 1581 est,
1103 1477 1210 1594 quod
1228 1479 1356 1560 cbarta
1371 1482 1466 1560 citra
1480 1482 1595 1563 lentis
1610 1483 1744 1564 focum

405 1609 622 1699 collocata,
646 1591 867 1673 violaceum
899 1581 1091 1696 circulum
1122 1580 1333 1682 exhrbeat,
1357 1580 1476 1662 radiis
1499 1585 1744 1666 constantem

394 1703 612 1796 violaceis,
637 1696 753 1775 citius
770 1685 1130 1786 convergentrbus,
1152 1681 1254 1762 ultra
1279 1707 1376 1764 vero
1394 1685 1528 1766 focum
1545 1688 1677 1766 charta
1694 1686 1744 1763 al-

405 1814 456 1892 ba
482 1801 689 1888 constituta
711 1787 913 1870 exhibebit
942 1785 1139 1867 circulum
1170 1783 1308 1864 rubeis
1329 1782 1449 1866 radiis
1477 1791 1746 1890 constantem,

404 1930 586 2016 tanquam
603 1897 751 1980 minori
770 1887 1097 1987 refrangibilitate
1122 1881 1316 1988 praeditis,
1341 1885 1510 1988 perinde
1528 1903 1645 1996 atquc
1669 1891 1744 1971 cir·
1855 1911 1862 1935 .

407 2017 518 2098 culus
543 2005 659 2098 totius
683 1995 784 2080 lucis
806 1987 1000 2072 refrailae·
1017 1985 1166 2087 duplici
1196 1983 1320 2066 limite
1344 1987 1526 2070 violaceo
1548 1995 1588 2076 δι
1612 1994 1741 2073 rubeo

406 2112 740 2201 concluderetur,
767 2090 919 2200 quodsi
943 2104 1068 2170 autern
1096 2085 1228 2166 radios
1250 2111 1390 2170 omnes
1414 2089 1458 2168 in
1481 2091 1572 2174 loco
1589 2095 1743 2174 contin.

407 2237 469 2324 gat
493 2223 737 2310 convergerc
749 2252 766 2315 7
792 2199 860 2278 lux
877 2193 1044 2309 omnino
1061 2186 1268 2304 candicans
1293 2191 1515 2293 apparebit,
1540 2193 1647 2299 quod
1667 2223 1743 2274 ma·

404 2319 551 2404 nisesto
568 2337 658 2395 cum
674 2299 826 2385 indrcio
849 2295 1010 2380 luminis
1032 2289 1358 2398 compositionem
1377 2318 1427 2374 ex
1450 2293 1570 2378 variis
1594 2298 1745 2379 colori.

405 2427 475 2504 bus
495 2418 675 2498 declarat

233 2512 393 2598 Radani·
506 2527 538 2627 q,
551 2538 642 2621 470.
667 2515 729 2592 Ne
756 2529 807 2585 ue
824 2502 969 2585 mirum
992 2497 1172 2601 cuiquam
1195 2493 1327 2578 videri
1350 2497 1494 2602 debet,
1517 2501 1629 2604 quod
1644 2493 1749 2582 lucis

233 2623 358 2699 brari,
403 2623 503 2708 radii
527 2641 663 2702 omnes
688 2533 851 2692 coiorati
877 2603 1050 2686 invicem
1067 2599 1273 2713 permixti,
1308 2601 1493 2683 candoris
1515 2605 1668 2686 sensum
1699 2605 1743 2684 in

234 2720 393 2796 muni·
405 2727 533 2813 oculis
548 2721 720 2804 excitent
738 2737 752 2814 3
779 2701 1107 2815 quemadmodum
1126 2699 1301 2803 en1m,sr
1319 2701 1399 2784 duo
1415 2719 1479 2784 aut
1493 2718 1572 2784 tres
1585 2707 1744 2786 colores

233 2843 367 2910 eamr,
406 2827 574 2914 dillintli
589 2816 745 2905 insimul
767 2811 1114 2906 commisceantur,
1141 2804 1240 2882 alius
1262 2805 1450 2917 quispiam
1479 2807 1593 2887 color
1618 2809 1745 2888 ellici-
1788 2884 1791 2892 .

235 2923 374 3016 constitu·
403 2951 490 3034 tur,
516 2925 692 3011 diversus
708 2914 869 3022 quidem
889 2941 910 2992 a
929 2908 1115 3010 lingulis,
1140 2929 1189 2986 ex
1213 2907 1357 3008 quibus
1381 2907 1657 3011 componitur,
1688 2925 1741 2988 at·
1866 2909 1868 3000 ἑ

236 3021 365 3100 narla-
404 3050 533 3113 tamen
567 3055 656 3109 cum
689 3018 847 3120 singulis
876 3007 1207 3114 qualemqualem
1234 3009 1459 3108 exprimens
1483 3011 1739 3112 affinitatem3

229 3149 309 3200 tem·
406 3138 458 3216 ita
474 3153 631 3240 quoque
650 3149 698 3202 ex
714 3117 908 3221 primariis
925 3113 1005 3190 illis
1027 3111 1212 3190 omnibus
1237 3113 1453 3212 coloribus,
1478 3137 1644 3214 quorum
1664 3113 1742 3192 sin-

405 3239 491 3343 guli
506 3231 653 3316 variam
678 3219 967 3327 impressionem
996 3211 1039 3292 in
1065 3211 1277 3294 sensorium
1300 3211 1516 3315 inducunt,
1542 3213 1741 3296 necessum

405 3341 462 3421 est
482 3330 773 3433 impressionem
791 3317 902 3398 aliam
921 3313 1138 3395 distiniiam
1166 3315 1209 3393 in
1237 3315 1413 3396 sensorio
1430 3316 1623 3417 suboriri,
1648 3339 1742 3420 quae

401 3459 534 3526 ‘tamen
563 3426 737 3535 generali
763 3421 928 3526 quadam
952 3417 1051 3498 lucis
1076 3416 1308 3497 conditione
1332 3417 1513 3498 omnibus
1536 3419 1663 3498 allinis
1687 3417 1744 3496 sit.

405 3541 642 3625 Immirtatur
659 3529 703 3608 in
731 3526 919 3606 conclave
938 3521 1145 3602 obscurum
1171 3519 1272 3598 lucis
1297 3519 1456 3622 radius,
1479 3519 1625 3624 hicque
1672 3521 1743 3600 ris·

404 3665 505 3726 mate
523 3634 758 3738 excipiatur,
783 3627 868 3742 poll
895 3624 1035 3724 prisma
1059 3646 1185 3724 prope
1209 3619 1429 3704 collocetur
1446 3621 1612 3724 petlen,
1638 3549 1739 3704 dene

405 3741 625 3825 divaricatis
642 3732 829 3814 dentibus
844 3725 1077 3826 instruitus,
1103 3725 1176 3804 liet
1189 3738 1232 3804 ut
1247 3723 1290 3800 in
1315 3725 1444 3804 charta
1462 3725 1548 3804 alba
1598 3726 1738 3826 o‘stpe-

404 3845 550 3926 {linem
577 3839 812 3936 constituta,
836 3833 1037 3913 variorum
1065 3827 1241 3908 colorum
1271 3825 1403 3908 lasciue
1434 3829 1533 3906 'itata
1558 3751 1740 3906 dentium

276 3949 280 3956 ’
403 3947 611 4029 intervalla
632 3935 850 4021 reddantur
876 3932 1111 4043 conspicuae.
1169 3926 1340 4106 <gu0df¹
1364 3856 1504 4030 peden
1530 3927 1739 4008 lentissime

403 4058 715 4144 commoveatur,
741 4039 1005 4120 movebuntur
1024 4049 1179 4142 etiam-a
1225 4029 1331 4123 illius
1349 4042 1496 4109 motum
1522 4029 1655 4108 fasciae
1675 4055 1740 4108 co-

403 4155 541 4233 loratae
558 4149 601 4228 in
619 4146 774 4239 charta3
802 4155 837 4215 at
856 4137 884 4213 fi
902 4153 1027 4245 motus
1052 4129 1215 4244 peilmis
1234 4131 1279 4211 srt
1301 4130 1503 4232 velocior,
1531 4131 1739 4212 evanescet

387 4252 521 4348 *omnis
547 4249 725 4334 colorum
749 4241 794 4346 ‚in
813 4239 943 4318 charta
965 4229 1186 4335 drllraitto,
1218 4247 1447 4314 remanente
1471 4233 1552 4314 sola
1573 4235 1740 4414 lconfusa

1590 4359 1687 4415 umi-

1864 4351 1868 4492 t
