3900 4956
978 507 1192 584 Secrrours
1223 505 1256 584 Ι.

896 691 901 714 ’
962 695 1199 809 Obsesiiones.
1243 659 1251 670 ¹

404 896 441 995 s.
456 919 515 992 14.
532 896 563 972 Ι.
581 887 879 1070 LEnbniciani
899 890 1140 993 pertendunt
1161 923 1170 971 r
1196 911 1259 970 res
1279 913 1416 972 ornnes
1436 911 1487 973 ex
1499 889 1732 972 monadibus

675 990 853 1075 constitui
872 999 988 1098 proleg.
1006 1023 1094 1072 num.
1118 1003 1227 1072 llxllt.
1279 993 1354 1072 Sed
1371 999 1434 1074 hae
1455 993 1641 1074 monades
1652 1021 1732 1076 non

406 1103 496 1181 sunt
517 1123 687 1201 corpus,
716 1097 781 1176 sed
799 1095 988 1198 srmplices
1015 1095 1266 1192 substantiae3
1295 1091 1414 1195 igitur
1441 1121 1570 1199 neque
1587 1119 1733 1196 corpus

407 1201 562 1304 possunt
588 1199 861 1300 constituere,
904 1197 942 1276 dr
969 1199 1259 1299 consequenter
1283 1221 1452 1300 corpora
1474 1223 1554 1276 non
1579 1195 1735 1276 dantur.

409 1311 463 1385 Il.
494 1303 702 1405 Quidquid
723 1301 896 1377 sensibile
917 1299 1006 1397 est,
1043 1299 1138 1377 illud
1165 1297 1387 1380 immediate
1413 1301 1532 1380 debet
1558 1299 1735 1399 percipi,

410 1405 477 1484 sed
496 1403 718 1480 immediate
735 1399 973 1498 percipimus
994 1399 1115 1478 solum
1130 1399 1261 1500 ideas,
1290 1425 1386 1504 quae
1398 1402 1538 1502 utique
1551 1425 1632 1480 non
1650 1401 1738 1478 sunt

411 1503 631 1586 substantiae
648 1525 857 1601 corporeae
876 1526 888 1599 ς
917 1499 1035 1600 igitur
1058 1499 1162 1581 ideae
1178 1503 1299 1580 solum
1327 1505 1413 1583 sunt
1430 1503 1510 1582 illae
1524 1527 1613 1603 res,
1642 1519 1737 1604 quae

412 1607 606 1686 sensibiles
631 1605 750 1703 sunt3
793 1615 1086 1700 argumentatur
1111 1619 1249 1682 contra
1265 1605 1502 1684 existentiam
1520 1625 1734 1704 corporum

414 1720 557 1816 Georgius
575 1715 743 1786 Brrhcieius
761 1707 919 1808 Episcopus
943 1705 1098 1802 Hyirrniae
1122 1718 1155 1780 in
1166 1709 1225 1808 fito
1252 1713 1400 1782 Troiiam
1427 1709 1465 1782 de
1483 1709 1618 1784 bumana
1633 1717 1736 1808 cogro-

412 1823 511 1902 tione‚
533 1812 721 1910 reamifflme
747 1818 826 1908 typis
850 1811 973 1907 vulgato
998 1811 1149 1884 londini.
1203 1810 1277 1886 ΙΙΙ.
1306 1805 1449 1887 Afferit
1474 1805 1603 1888 idem:
1631 1807 1735 1886 idem

408 1939 488 1992 non
506 1911 632 2014 potest
655 1905 795 1986 eodem
815 1919 995 2002 tempore
1015 1905 1124 1988 srmul
1148 1909 1291 1987 habere
1309 1907 1498 2008 liguram,
1524 1925 1644 2026 atque
1659 1931 1736 1984 mr-

407 2013 651 2116 gnitudinem
671 2008 856 2088 diversam
875 2034 887 2106 3
914 2007 979 2085 sed
999 2007 1026 2084 sr
1047 2008 1262 2089 admittitur
1289 2033 1503 2110 corporum
1520 2009 1734 2109 existentia,

404 2115 483 2194 hoc
506 2113 716 2194 eveniret:
743 2109 889 2188 etenim
917 2111 1036 2186 homo
1063 2111 1215 2190 eminus
1238 2110 1377 2192 turrim
1406 2113 1591 2192 minutam
1614 2111 1650 2189 dr
1671 2135 1736 2187 ro·

403 2217 565 2297 tundam
581 2214 716 2313 videt,
747 2235 842 2312 quae
866 2211 976 2287 alteri
1005 2213 1187 2292 cominus
1214 2214 1410 2314 aspicienti
1432 2237 1566 2328 magna
1586 2213 1623 2290 dt
1642 2237 1736 2312 qua·

403 2318 511 2398 drata
529 2320 599 2397 est.
632 2321 708 2396 IV.
731 2313 905 2431 denique
923 2310 1057 2392 addit:
1082 2321 1284 2419 Quaetoto
1303 2339 1449 2416 genere
1468 2313 1734 2412 drversasunt‚

403 2435 610 2522 nequeunt
629 2433 768 2494 mutua
791 2414 964 2491 efficacia
983 2415 1021 2492 se
1046 2415 1216 2496 invicem
1239 2415 1464 2513 producere
1482 2443 1494 2519 ς
1529 2413 1650 2516 igitur
1668 2439 1737 2494 ne·

407 2545 491 2622 que
506 2543 676 2618 corpora
691 2514 845 2616 possunt
865 2513 1078 2615 spirituales
1099 2519 1139 2596 in
1157 2533 1289 2598 mente
1305 2513 1410 2596 ideas
1428 2517 1584 2596 causare
1602 2542 1615 2616 3
1644 2515 1736 2592 hinc

405 2647 539 2724 neque
555 2619 749 2703 necessum
767 2619 821 2696 est
845 2640 1013 2715 corpora
1030 2617 1243 2702 adstruere.
1299 2623 1353 2700 V.
1381 2639 1487 2698 Petrus
1497 2625 1624 2717 eryllus
1641 2629 1674 2694 tn
1677 2617 1735 2732 fico

403 2731 600 2802 Dtslionarlo
622 2725 759 2820 historico
778 2729 863 2796 crte.
891 2743 955 2798 art.
976 2730 1068 2798 Zoro.
1098 2719 1179 2800 duo
1204 2721 1317 2819 ponit
1342 2719 1532 2820 principia
1548 2719 1615 2797 seu
1631 2739 1737 2796 arro·
1876 2782 1887 2802 ,

404 2845 524 2928 mata,
554 2823 703 2904 lumine
729 2835 882 2900 naturae
909 2820 1127 2924 verissima,
1158 2821 1300 2926 quibus
1326 2819 1490 2902 admissis
1519 2841 1735 2916 corporum

404 2955 486 3008 non
503 2927 615 3030 poffit
630 2921 832 3002 existentia
851 2920 1026 3002 defendi.
1078 2925 1288 3004 Axiomata
1311 2925 1423 3006 sunt:
1449 2945 1563 3000 norma
1579 2925 1736 3023 nihilsro·

396 3035 463 3130 stro
480 3043 557 3134 ogit.
585 3029 649 3106 &a
677 3034 842 3130 Perprrom
862 3049 981 3101 notura
1000 3027 1152 3103 tribuitur
1179 3031 1269 3132 longa
1298 3037 1452 3128 operatio,
1471 3030 1498 3121 li
1519 3024 1656 3100 breviori
1680 3033 1736 3098 via

400 3136 487 3236 pofflt
504 3135 601 3228 filum
628 3127 773 3202 olimae.
845 3122 1026 3228 Ideoque
1048 3127 1076 3205 ss
1098 3129 1211 3206 Deus
1237 3125 1431 3206 sensibiles
1458 3123 1735 3226 perceptiones

405 3233 588 3330 supplere
605 3227 678 3304 hac
693 3223 847 3304 ratione
866 3227 1023 3325 potuit‚
1051 3241 1096 3306 ut
1114 3251 1330 3325 corporum
1349 3229 1440 3306 loco
1467 3221 1736 3326 impressiones

368 3413 370 3418 ,
407 3331 589 3438 quasdam
607 3326 647 3406 in
665 3330 847 3406 humanas
865 3347 1016 3408 mentes
1033 3327 1286 3424 immitteret,
1313 3329 1452 3409 frustra
1478 3325 1620 3407 creasse
1646 3347 1736 3402 cor-

404 3459 501 3538 pora
517 3429 668 3512 censeri
694 3429 842 3530 debet,
869 3443 914 3506 ut
932 3431 1075 3532 quibus
1094 3427 1351 3512 mediantibus
1372 3427 1617 3530 percipiendi
1635 3425 1736 3506 ordo

402 3535 543 3620 sruslra
561 3532 889 3633 prolongaretur3
916 3533 1133 3630 praesertim
1154 3556 1243 3612 cum
1259 3529 1478 3628 Philosophi
1498 3535 1600 3610 bene
1623 3523 1735 3606 multi

402 3643 598 3720 fateantur
616 3665 625 3712 r
660 3632 847 3736 ignorari,
869 3659 946 3734 qua
959 3636 1111 3714 ratione
1128 3659 1297 3735 corpora
1313 3635 1352 3714 in
1368 3636 1618 3712 humanarum
1629 3651 1738 3706 men·

405 3742 502 3820 tium
524 3737 774 3835 operationes
801 3735 1104 3835 ingrediantur:
1131 3759 1266 3840 neque
1291 3759 1459 3836 corpora
1482 3735 1629 3812 debere
1657 3729 1736 3810 dici

407 3841 539 3921 carrsas
557 3837 732 3938 idearum
751 3839 790 3918 in
817 3835 939 3914 anima
962 3837 1236 3937 existentium,
1271 3837 1337 3916 sed
1357 3837 1602 3917 solummodo
1624 3855 1739 3910 occa·

298 3957 301 3962 ’
402 3945 544 4024 sroneS.
599 3945 675 4020 VI.
702 3941 953 4017 Molcironchins
974 3945 1032 4018 tl.
1062 3967 1093 4015 2.
1121 3943 1158 4014 dr
1182 3943 1370 4044 inparircnda
1392 3951 1522 4016 orriolo
1548 3939 1630 4016 ait:
1662 3935 1737 4014 eise

402 4041 659 4145 perdifficile,
677 4039 911 4120 existentiam
931 4065 1145 4140 corporum
1165 4041 1455 4139 demonstrare‚
1483 4063 1533 4118 eo
1551 4037 1738 4141 quodve·

401 4144 593 4226 hemen‘ia
610 4145 794 4222 humanae
812 4140 1118 4241 imaginationis,
1142 4168 1214 4243 per
1233 4161 1364 4221 motus
1379 4143 1420 4222 in
1440 4141 1593 4220 cerebri
1612 4135 1739 4218 dutri-

401 4247 695 4349 basouches,
738 4265 951 4344 corporum
984 4239 1090 4324 vices
1122 4243 1333 4326 commode
1368 4245 1556 4325 sustinere
1591 4237 1737 4344 polirt3

1551 4367 1685 4452 quem·
