3782 4958
421 516 707 594 Pnrturc'nto
732 505 804 591 IV.
831 501 907 590 Drt
935 513 1079 592 Arar·
1358 533 1434 619 343

250 697 387 784 Variis
410 713 605 802 praeterea
630 691 862 795 corporibus
886 695 1079 798 repletum
1097 687 1174 778 esse
1193 693 1346 801 aetem,
1370 697 1482 779 exin·

142 803 193 883 de
210 802 431 902 evincitur,
454 797 561 904 quod
587 799 671 878 calx
695 797 813 898 viva,
837 812 953 898 caput
978 817 1177 892 mortuum
1206 801 1319 904 nitri,
1340 801 1481 883 alumi-

13 935 14 950 *
138 907 224 1007 nis,
247 905 397 986 vitrioli
422 905 493 983 &n
516 899 599 981 aeri
628 897 862 1003 expositum,
884 900 1064 1002 pondere
1088 917 1287 1003 augeatur.
1337 907 1482 1005 Terra,

13 1031 14 1088 ἱ
142 1003 276 1109 equas
286 1007 430 1088 nitrum
452 1005 639 1083 elixatum
667 1001 750 1101 est,
771 999 855 1081 a'eri
880 1003 1065 1084 umbroso
1087 1005 1281 1106 exposita,
1304 1029 1375 1105 per
1398 1005 1479 1108 spa-

13 1141 14 1152 ³
141 1113 240 1195 tium
260 1134 286 1216 7
301 1133 496 1188 annorum
514 1101 744 1186 tantundem
760 1105 904 1184 iterum
926 1103 1019 1188 nitri
1037 1107 1242 1198 continere
1261 1105 1481 1208 deprehen·

138 1214 265 1294 ditur.
322 1209 387 1290 Sic
402 1210 515 1288 etiam
533 1205 689 1314 cineres
701 1205 787 1306 post
803 1205 987 1287 elixatum
1005 1206 1121 1286 salem
1140 1209 1362 1311 alcuinum,
1380 1235 1481 1290 cam-

139 1316 200 1419 pis
226 1309 421 1413 exposui,
444 1307 645 1410 copiosum
668 1306 862 1388 attrahunt
885 1309 1026 1409 satem,
1051 1323 1097 1391 ut
1118 1312 1204 1412 post
1232 1337 1356 1394 unum
1385 1313 1481 1394 alte«

139 1435 280 1498 rumve
294 1438 440 1494 annum
459 1411 593 1492 denuo
609 1409 750 1512 possint
764 1407 919 1488 elixati.
974 1411 1100 1494 Etiam
1127 1411 1364 1518 liquidorum
1382 1441 1480 1522 pon·

141 1519 216 1600 dus
231 1515 400 1618 adauget
414 1521 493 1596 aer.
544 1513 611 1623 Cl-
629 1515 735 1592 naid
749 1512 791 1593 in
809 1509 955 1614 Anglia
975 1541 996 1617 3
1015 1511 1217 1596 drachmas
1229 1517 1311 1597 olei
1327 1516 1480 1600 vitrioli

139 1618 402 1723 dephlegmati
429 1613 510 1702 aeri
535 1613 906 1718 apertoexposuit,
932 1615 1017 1716 post
1043 1614 1141 1698 duos
1167 1619 1318 1701 menses
1342 1617 1480 1724 depre·

13 1761 15 1768 >
134 1721 279 1806 bendit
292 1719 393 1801 illud
416 1722 550 1798 oletrm
568 1745 592 1812 9
608 1715 882 1798 drachmarum
903 1715 941 1797 δι
963 1739 1242 1828 3granorum3
1267 1720 1375 1825 quod
1391 1747 1484 1824 aug-

138 1837 316 1905 mentum
337 1826 388 1902 eit
402 1817 560 1903 attratta
576 1843 672 1924 aqua
687 1819 897 1919 provenit,
924 1833 967 1898 ut
990 1819 1032 1899 in
1059 1819 1402 1924 dephlegmatione
1418 1826 1482 1904 in*

134 1927 278 2010 notuit
338 1921 452 2005 Idem
479 1921 772 2022 phaenomenon
795 1919 967 1998 recurrit
997 1917 1038 1999 in
1065 1925 1158 2004 oleo
1184 1927 1382 2028 sulphuris
1404 1940 1479 2031 pe'r

138 2051 386 2132 campanam,
409 2024 449 2104 dc
467 2027 558 2104 oleo
577 2023 710 2103 tartari
726 2043 801 2124 per
817 2019 1045 2123 deliquium.
1080 2031 1243 2106 Tramite
1262 2037 1350 2133 angt
1371 2039 1478 2124 1684

148 2181 153 2189 ·
241 2139 342 2211 Haec
357 2141 487 2207 tamen
515 2123 542 2203 li
571 2123 711 2205 uiditas
738 2149 819 2206 nnn
849 2123 983 2224 obest,
1007 2145 1090 2230 quo
1115 2125 1244 2208 minus
1262 2139 1329 2210 aer
1352 2131 1480 2210 firmis
1514 2155 1578 2230 Agr
1592 2153 1650 2225 ,4.

139 2232 374 2334 corporibus
390 2151 626 2340 cohaereicat
651 2228 866 2341 :uLamella
885 2227 971 2305 auri
999 2241 1064 2307 aut
1089 2231 1239 2328 argenti
1262 2231 1650 2332 politisfirnapmm.

136 2338 181 2416 in
199 2359 337 2437 aquam
370 2329 602 2432 purislimam
627 2328 873 2431 immittatur,
904 2335 971 2408 aer
990 2326 1038 2406 ad
1064 2331 1208 2412 metalli
1232 2333 1479 2434 superficiem
1486 2355 1620 2464 pon-pfl,

139 2436 333 2520 tenaciter
358 2429 585 2534 adhaerens,
612 2454 703 2511 cum
728 2451 778 2510 eo
794 2429 835 2513 in
864 2453 997 2536 aquam
1024 2427 1237 2513 descendet
1262 2435 1332 2514 sub
1353 2435 1479 2530 forma

138 2532 575 2638 bullarum-patentium.
637 2533 778 2633 Longe
796 2533 919 2632 major
934 2533 1033 2614 aeris
1051 2535 1165 2637 copia
1178 2535 1341 2638 scabris,
1367 2541 1481 2640 spon-

138 2639 334 2748 giofisque
351 2633 584 2736 corporibus
602 2633 787 2740 adhaeret.
837 2639 1031 2717 reluctatus
1058 2639 1159 2716 aeris
1174 2637 1344 2721 nascitur
1368 2669 1388 2719 a
1412 2642 1488 2720 ho·-

115 2767 119 2776 ·
139 2741 401 2844 thogeneitate
417 2736 697 2838 particularum
716 2739 900 2837 suarpm,
917 2755 1010 2840 quae
1026 2738 1164 2817 eadem
1181 2763 1268 2820 cum
1279 2740 1479 2821 resrailio-

137 2870 192 2930 ne
209 2846 308 2927 lucis
323 2839 451 2920 radios
470 2837 733 2919 transmittunt
750 2838 801 2936 (s.
812 2841 922 2940 437).

153 3019 161 3028 ,
242 2949 377 3048 §392
404 2942 476 3024 His
491 2938 791 3041 proprietatibus
807 2935 1021 3026 instruetur
1046 2948 1114 3022 aer
1130 2943 1272 3022 mirum
1292 2959 1478 3048 quantum
1490 2967 1659 3036 strom

139 3051 179 3130 dc
196 3041 454 3148 generationi,
472 3041 814 3123 &conservationi
832 3061 964 3121 rerum
981 3040 1171 3124 deservit·
1197 3043 1305 3145 Ignis
1322 3043 1403 3126 stne
1420 3055 1649 3164 assulose*

138 3176 185 3235 re
202 3175 277 3229 nec
293 3143 559 3250 producitur,
592 3165 667 3222 nec
691 3141 946 3223 conservatur
958 3146 1011 3247 (s.
1032 3147 1106 3252 366
1123 3149 1169 3224 ad
1183 3150 1287 3252 IV.)
1306 3148 1353 3228 ab
1381 3149 1553 3240 aerisve,

140 3247 457 3348 accurrerat,
481 3243 591 3353 quod
610 3244 849 3326 subterranei
881 3243 1015 3350 ignes,
1042 3273 1123 3354 quo
1149 3250 1403 3352 profundius,
1430 3276 1479 3333 eo

138 3356 296 3448 firmius
318 3349 366 3428 ab
390 3350 645 3430 incumbente
670 3357 761 3427 aere
786 3349 1047 3448 compressi&
1075 3349 1204 3451 agitati
1230 3353 1477 3436 metallorum

140 3453 476 3558 compatliflimam
497 3466 685 3532 texturam
708 3449 856 3536 struant
902 3449 1092 3558 quodque
1114 3455 1298 3534 humores
1322 3479 1396 3556 per
1413 3480 1477 3530 va-

139 3559 206 3654 sa„
233 3555 303 3635 stbi
327 3555 510 3732 progna,
536 3551 577 3631 in
601 3549 830 3630 animalibus
854 3501 1087 3658 decurrant,
1111 3555 1150 3634 dc
1173 3557 1335 3638 soetibus
1359 3551 1479 3652 respi-

138 3662 332 3741 rationem
354 3655 395 3734 in
425 3653 610 3754 ulgeant3
637 3653 781 3756 plantae
803 3658 992 3736 omnes&
1008 3655 1187 3736 animalia
1203 3655 1244 3734 in
1264 3659 1367 3756 loco,
1386 3665 1478 3736 aere

139 3761 348 3860 destituto,
374 3757 682 3856 languescunt&
701 3753 925 3836 moriuntur
943 3781 967 3854 3·
982 3783 1058 3838 nec
1075 3759 1219 3840 semina
1234 3754 1391 3860 quidem
1412 3781 1478 3836 ve-

139 3861 387 3968 getantium,
412 3881 488 3938 nec
511 3885 587 3938 ova
609 3853 835 3937 animalium
863 3859 1084 3955 germinant
1109 3859 1192 3940 stne
1218 3869 1340 3960 aere3
1392 3865 1481 3940 Imo

144 3965 212 4046 ets1
230 3976 298 4044 abr
315 3963 356 4042 in
374 3963 461 4044 loco
478 3961 660 4062 quopiam
677 3957 743 4058 fit,
769 3957 840 4038 nisi
861 3960 988 4036 libere
1011 3985 1230 4040 commeare
1246 3966 1370 4064 possit,
1388 3989 1479 4065 pau·

144 4095 193 4148 co
221 4085 398 4163 tempore
422 4063 519 4140 vitas
543 4059 768 4140 animalium
791 4059 1008 4140 conservat.
1073 4065 1306 4144 Immittatur
1326 4091 1410 4146 mus
1432 4065 1477 4144 in

144 4195 211 4250 vas
225 4170 420 4266 vitreum,
447 4162 553 4269 quod
571 4161 832 4265 undequaque
851 4161 1025 4266 perseiie
1043 4164 1215 4247 clausum
1229 4167 1294 4271 stt,
1320 4166 1387 4246 vix
1400 4181 1480 4246 tres

144 4273 351 4352 elabentur
366 4270 499 4372 horae,
524 4269 563 4349 dc
581 4289 666 4346 mus
681 4264 751 4344 ille
768 4266 941 4366 tolerato
967 4267 1123 4373 praevio
1142 4269 1330 4374 languore
1349 4265 1485 4447 gonci-

490 4383 493 4392 ’
586 4383 593 4392 ·
1081 4379 1086 4386 ·
1379 4385 1433 4471 et,
