3782 4958
473 434 549 532 368
1000 431 1215 509 Securours
1241 429 1297 510 ΙΙ.

428 611 712 696 &remanebit
744 608 904 694 invase
932 614 1004 694 illo
1062 637 1154 720 quo
1187 611 1494 718 continebatur,
1524 617 1655 694 vitreo
1678 637 1756 712 pars

424 740 509 796 non
535 711 688 796 modica
713 727 860 816 terrae,
909 741 978 798 uae
1006 667 1138 797 ahluta
1162 716 1297 797 rursus
1321 717 1540 820 virgineam
1568 718 1671 795 illam
1698 716 1756 794 dat

424 833 592 919 terram,
616 745 1011 917 incombustibilem,
1035 815 1301 900 insolubilem.
1370 811 1525 924 Liq'uor
1547 821 1642 919 iste,
1667 817 1755 898 deli·

424 919 655 1024 quescendo
672 918 867 1023 obtentus,
893 923 1039 1000 iterum
1066 921 1105 1000 δι
1131 919 1275 1004 iterum
1304 921 1497 1024 srccetur,
1523 922 1758 1018 calcinetur,

426 1021 507 1102 aeri
535 1021 582 1100 ad
612 1020 965 1204 deliquescendum
992 1035 1233 1128 exponatur,
1258 1023 1502 1116 obtinebitur
1528 1022 1668 1103 iterum
1695 1024 1758 1100 ite-

426 1149 595 1230 rumque
622 1148 671 1204 ex
725 1126 876 1230 eliquio
892 1127 1083 1226 superstes
1099 1141 1227 1226 terra,
1253 1143 1400 1208 caetero
1418 1123 1572 1207 volatili
1590 1125 1666 1206 sale
1683 1125 1758 1202 sen·

426 1229 496 1308 lim
524 1225 730 1331 avolante3
758 1230 810 1310 ita
834 1243 879 1310 ut
904 1225 1046 1311 merito
1072 1227 1352 1332 concluserim,
1368 1229 1572 1310 maximam
1592 1221 1630 1309 δι
1649 1224 1760 1307 distil-

426 1327 493 1412 lati
518 1329 694 1434 liquoris,
719 1332 757 1410 ἂ
773 1329 929 1411 alcalini
955 1330 1065 1434 salis,
1094 1329 1338 1414 ecineribus
1363 1332 1535 1434 obtenti,
1561 1343 1706 1432 partem
1722 1327 1760 1406 in

419 1431 588 1538 ‚simplex
615 1450 787 1513 terreum
814 1435 1051 1514 elementum
1077 1432 1237 1514 reverti.

419 1541 421 1550 ’
528 1534 600 1614 IV.
654 1535 894 1642 Quicunque
920 1535 1144 1618 animalium
1178 1534 1351 1720 lipuores
1367 1591 1392 1638 ,-
1414 1535 1601 1636 sanguis,
1635 1531 1761 1630 saliva,

426 1637 600 1738 l'otium3
628 1639 721 1716 item
746 1637 851 1743 olla,
887 1663 1003 1740 caro,
1028 1663 1180 1718 cornua
1245 1663 1277 1715 c.
1313 1639 1530 1720 successivis
1556 1637 1664 1738 ignis
1687 1659 1761 1734 gra·

428 1738 545 1820 'dibus
571 1739 776 1820 exercitata
827 1767 962 1846 aquam
988 1743 1117 1842 primo
1144 1739 1343 1842 fundunt,
1369 1739 1493 1819 tums
1515 1739 1670 1840 iritum,
1687 1751 1759 1816 tan·

427 1839 521 1922 dem
547 1840 681 1924 oleum
706 1797 882 1948 spissum,
905 1859 1046 1946 tenax,
1071 1870 1116 1924 ac
1143 1843 1315 1947 denique
1342 1767 1594 1924 inrcooilanti
1617 1839 1760 1950 &sums

426 1970 493 2025 nro
521 1944 614 2042 igne
639 1945 749 2025 malla
774 1947 843 2028 illa
868 1946 1008 2028 densos
1033 1944 1181 2027 crustat
1205 1945 1362 2046 fumos,
1401 1944 1678 2044 coruscantes,
1702 1963 1760 2042 qur

422 2075 525 2150 aqua
550 2045 694 2148 frigida
719 2051 895 2156 excepti,
921 2049 1165 2150 colliguntur
1188 2048 1230 2128 in
1248 2045 1422 2148 massam,
1440 2048 1485 2128 ἃ
1505 2047 1759 2152 phosphorum

423 2149 686 2233 constituunt
761 2155 812 2234 In
841 2151 1027 2234 omnibus
1050 2149 1130 2230 illis
1158 2149 1409 2257 liquoribus,
1435 2175 1532 2251 aqua
1560 2149 1758 2242 nimirum,

425 2253 449 2332 s
471 2253 602 2353 iritu,
628 2253 666 2332 br
700 2255 824 2358 oleo,
856 2253 1049 2337 distillatis
1074 2252 1213 2336 rursus
1237 2267 1412 2335 terreum
1447 2247 1546 2356 quid
1580 2242 1759 2356 superesse

456 2351 749 2460 eprehenditur.

529 2463 581 2538 V.
632 2457 762 2538 Nativi
789 2458 884 2538 sales
910 2461 1056 2542 nitrum
1104 2460 1157 2538 sal
1182 2479 1372 2560 gemmae,
1399 2459 1460 2539 &c
1484 2456 1526 2535 in
1553 2473 1761 2558 aquaputa

430 2555 704 2659 dissolvantur,
731 2560 938 2642 habebitur
962 2563 1006 2644 in
1020 2515 1224 2644 solutionis
1249 2555 1374 2642 londo
1401 2561 1617 2660 pauxillum
1632 2571 1757 2638 terrae.

426 2661 579 2742 Solutio
605 2659 693 2742 haec
719 2665 1038 2770 crystallizationi
1066 2663 1113 2744 ad
1142 2677 1297 2766 aretur,
1330 2661 1372 2740 id
1399 2664 1481 2763 est,
1507 2661 1661 2742 exhalet
1685 2657 1760 2736 lon·

317 2795 320 2802 ·
429 2764 533 2867 glori
560 2777 758 2870 tempore,
786 2763 916 2847 donec
940 2689 1270 2872 superinrlucatur
1322 2765 1508 2866 ellicula,
1534 2778 1618 2844 tum
1647 2759 1688 2868 in
1710 2758 1757 2835 lo

429 2893 517 2946 cum
543 2865 753 2972 frigidum,
774 2873 951 2974 'quietum
979 2869 1107 2950 abdita
1133 2793 1362 2949 concresiet
1386 2868 1427 2948 in
1455 2866 1680 2972 crystallus,
1704 2887 1758 2939 va·

416 2969 575 3066 ,riarum
603 2973 763 3052 omnino
790 2975 1041 3074 figurarum:
1082 2973 1134 3048 sal
1173 2983 1300 3070 petrae
1325 2969 1366 3050 in
1393 2966 1683 3075 pyramidales,
1712 2960 1756 3040 sal

403 3083 412 3103 “
429 3069 621 3151 marinum
646 3071 689 3154 in
715 3075 873 3159 cubicas
896 3077 987 3177 &eq
1014 3075 1146 3178 liquor
1172 3072 1390 3172 superfluus
1407 3074 1551 3156 iterum
1568 3072 1757 3150 &iterum

428 3169 469 3250 in
498 3173 604 3253 aliud
628 3203 696 3257 vas
726 3175 981 3281 effundatur,
1012 3177 1158 3258 iterum
1192 3175 1234 3255 in
1262 3176 1464 3280 crystallus
1490 3177 1643 3275 semper
1676 3193 1758 3250 con·

428 3277 606 3383 crescet,
633 3306 724 3362 cum
758 3280 961 3384 superstite
988 3280 1161 3382 pauxillo
1186 3295 1336 3380 terrae,
1373 3279 1501 3359 donec
1525 3275 1683 3358 tandem
1708 3293 1758 3388 re-

425 3395 581 3562 lrnaneat
613 3383 745 3488 liquor
778 3383 934 3488 pinguis
968 3385 1006 3466 δι
1043 3383 1219 3486 salinus,
1259 3381 1327 3488 qui
1365 3381 1580 3463 exsrccetur
1616 3373 1757 3458 difficrl·

442 3509 530 3566 nne.

255 3585 391 3654 Terram
527 3589 637 3668 Alias
664 3616 686 3666 a
711 3589 852 3669 nativis
889 3589 1033 3673 salibus
1057 3603 1162 3668 terra
1189 3587 1405 3688 depuratur
1470 3611 1557 3666 curn
1584 3583 1689 3685 prius
1721 3577 1757 3656 in

256 3707 277 3758 Ι
304 3681 411 3781 [asilus
427 3705 561 3790 aperto
587 3705 795 3774 torrentur
823 3692 948 3794 igne3
984 3707 1064 3772 tum
1091 3715 1190 3769 vero
1224 3689 1371 3772 contusi
1405 3641 1524 3792 super
1557 3691 1682 3768 vitrea
1711 3697 1757 3762 ta·

253 3783 415 3890 depurata
429 3793 531 3870 bella
558 3795 639 3872 aeri
666 3791 827 3876 humido
853 3807 1125 3895 exponantur,
1160 3791 1463 3895 deliquescent,
1498 3793 1536 3872 ἂ
1565 3787 1758 3870 terrestres

243 3905 248 3919 ‘
429 3895 552 3974 succes
584 3891 806 3996 deponent,
832 3921 925 4002 quae
951 3893 1194 3978 foeculentiae
1223 3883 1495 3994 apparebunt,
1526 3891 1756 3998 quotiescun-

430 4022 507 4177 qup
535 3997 678 4079 solutio
697 3999 906 4101 inspissata,
926 4000 1090 4105 aerique
1115 3993 1530 4104 addeliquescendum
1555 3995 1678 4080 suerit
1702 4017 1755 4072 ex·

426 4123 481 4200 po
498 4113 558 4178 ila.

456 4225 459 4234 ’
531 4203 605 4280 VI.
662 4203 771 4304 Mel,
796 4225 910 4306 cera,
936 4227 1041 4304 ova,
1067 4198 1254 4316 sanguis,
1278 4201 1393 4286 urina
1422 4201 1483 4284 &c
1517 4199 1559 4284 io
1585 4208 1754 4376 retprtaro

1674 4320 1709 4378 er
