3900 4956
411 525 414 536 ¹
441 505 489 586 sa
962 497 1185 572 'Sucriouis
1210 493 1245 572 1.

391 687 458 758 tur
472 672 709 754 extensionis
738 693 904 776 quoque
926 698 999 756 nos
1025 675 1158 754 intima
1181 679 1454 779 naturatum,
1482 693 1602 784 atque
1621 683 1661 764 in
1678 707 1728 762 eo

387 775 549 856 interim
569 771 838 854 extensionem
857 802 876 853 a
904 777 1122 878 noscimus,
1149 780 1219 858 ubi
1236 796 1363 878 partes
1384 797 1494 860 extra
1516 801 1644 882 partes
1660 811 1729 884 po

390 877 499 976 sitas,
527 877 597 991 seu·
609 875 729 956 multa
746 893 856 956 extra
871 801 910 956 ie
925 877 1095 958 invicem
1107 881 1360 962 coexistentia
1380 883 1538 984 inuno,
1558 885 1727 968 sensibus

390 979 631 1092 percipimus
655 1003 667 1078 3
693 979 888 1058 autetiam
908 977 1001 1058 dum
1021 981 1284 1081 advertimus,
1312 1009 1397 1064 rem
1415 987 1580 1089 aliquam
1599 989 1730 1066 incre-

389 1095 514 1160 menti
528 1080 593 1157 vel
610 1079 853 1162 decrementi
869 1077 944 1160 esse
960 1106 1140 1186 capacem
1159 1111 1173 1187 3
1224 1083 1419 1166 Punstum
1439 1087 1542 1166 enim
1556 1098 1729 1166 matbema-

390 1195 486 1260 τίσω
504 1206 581 1260 nec
595 1181 731 1290 augeri
758 1207 834 1263 nec
860 1180 988 1266 minui
1016 1187 1170 1287 potest,
1195 1186 1302 1267 omni
1324 1191 1471 1292 quippe
1501 1189 1728 1271 extensione

391 1299 500 1362 caret
512 1288 528 1385 (
540 1289 576 1380 ς.
596 1304 633 1380 5.
647 1291 815 1386 Gennaes.)

489 1389 527 1484 §.
546 1407 609 1468 aa.
637 1385 821 1464 tutunus
843 1388 1029 1468 monades
1055 1388 1140 1468 suas
1171 1388 1241 1470 seu
1261 1389 1454 1489 simplices
1481 1392 1729 1490 substantias,

394 1485 539 1588 quibus
570 1483 700 1563 omnia
735 1487 911 1565 constare
945 1489 1044 1569 dixit
1080 1497 1249 1596 Protegim.
1299 1521 1389 1570 mm.
1425 1499 1574 1576 xxix.
1601 1491 1730 1574 voluit

395 1585 471 1666 esse
496 1585 604 1666 omni
626 1589 853 1668 extensione
878 1607 1055 1670 carentes
1075 1618 1086 1692 3
1120 1615 1260 1672 verum
1285 1592 1351 1670 has
1379 1595 1566 1673 monades
1584 1595 1731 1676 ibidem

393 1689 532 1787 rejeci.
594 1689 634 1769 Si
652 1695 828 1768 numicius
853 1715 1041 1770 numeros
1061 1693 1294 1792 compositos
1314 1719 1363 1772 ex
1382 1693 1613 1798 simplicium
1629 1695 1732 1774 indi·

394 1789 684 1894 visibiliumque
718 1791 910 1872 unitatum
940 1793 1216 1896 aggregatione
1248 1795 1434 1874 constitui
1467 1795 1731 1898 deprehendit

396 1895 561 1996 (arithm.
583 1900 619 1994 §.
644 1919 691 2007 4.Ι
710 1893 748 1972 dt
769 1897 839 1994 ς.)
855 1919 939 1973 non
964 1895 1101 1974 debuit
1125 1897 1213 1974 sane
1241 1897 1565 2010 compositionem
1587 1919 1731 1996 corpo-

396 2017 503 2076 ream
521 1995 712 2076 abstraitis
723 2017 979 2076 numerorum
989 1996 1247 2095 conceptibus
1257 1999 1401 2076 metiri.
1454 1999 1646 2078 Atveroi
1677 1999 1730 2078 sae

397 2096 512 2178 etiam
532 2099 701 2180 unitates
720 2097 761 2174 in
780 2094 1019 2178 arithmetica
1037 2115 1164 2198 partes
1187 2099 1356 2196 habent,
1387 2098 1498 2203 quod
1513 2100 1553 2180 in
1574 2027 1732 2180 tratiio-

398 2199 515 2279 nibus
533 2203 666 2282 eiucet
684 2225 725 2276 ν.
764 2255 774 2275 .
794 2203 850 2304 ἦ,
884 2210 899 2246 ²
925 2201 1000 2278 iiic.
1020 2201 1187 2296 (rursm.
1206 2205 1243 2299 §.
1258 2201 1358 2298 64.)

249 2308 409 2410 Minsmp
499 2308 536 2402 §.
558 2327 622 2405 23.
652 2223 821 2405 Quidam
848 2251 904 2381 ad
926 2300 1214 2382 defendendam
1239 2297 1491 2382 minimorum
1517 2299 1731 2401 simplicita-

212 2405 322 2482 siabena
399 2419 481 2483 tem
499 2403 671 2482 afferunt
690 2402 843 2478 axioma
858 2401 953 2483 iliud
974 2405 1172 2482 ateubaicto
1190 2402 1232 2480 in
1252 2402 1514 2506 Metapbysica
1540 2399 1732 2484 creberri-

210 2527 332 2615 μήτε.
398 2529 464 2602 me
493 2501 702 2584 adhibitum
726 2531 734 2580 :
756 2511 882 2605 sitisse
894 2507 1131 2605 finefiiffici'enu'
1152 2513 1301 2599 ratione,
1339 2527 1384 2580 ac
1409 2502 1575 2582 dicunt:
1602 2505 1731 2588 sensus

401 2603 592 2686 evincunt
613 2604 695 2684 dari
710 2607 937 2706 composita,
957 2605 1032 2682 suis
1048 2607 1222 2706 partibus
1240 2603 1449 2700 instructa,
1476 2603 1584 2704 atqui
1602 2603 1629 2682 si
1648 2627 1733 2702 par-

399 2723 461 2788 tes
479 2707 590 2808 ipsae,
611 2707 679 2789 seu
691 2705 849 2784 minima
870 2708 1010 2787 borum
1028 2706 1334 2806 compositorum
1346 2705 1422 2783 suis
1442 2727 1605 2806 quoque
1620 2705 1735 2804 parti-

400 2809 473 2890 bus
494 2810 739 2908 constarent,
767 2811 904 2912 utique
921 2809 1034 2888 etiam
1055 2806 1268 2908 compotita
1289 2805 1431 2908 essent,
1458 2805 1633 2906 ideoque
1651 2831 1735 2886 non

404 2910 496 2990 esset
514 2911 709 2996 sufficiens
727 2909 856 3011 ratio,
912 2911 995 2990 uod
1019 2907 1277 3008 compositum
1300 2907 1428 3008 primo
1443 2906 1561 2985 fieret
1587 2931 1634 2984 ex
1658 2906 1734 2984 suis

432 3010 579 3090 artibus
597 3012 819 3111 compositis
838 3041 850 3112 3
878 2938 944 3090 sid
963 3009 1227 3110 respondetur
1248 3039 1257 3090 τ
1285 3009 1486 3088 minimum
1506 3007 1659 3108 semper
1673 3009 1738 3086 ha·

402 3041 502 3192 iere
517 3127 674 3212 partera
703 3111 886 3196 nimirum
904 3113 1056 3189 ratione
1072 3111 1276 3207 compositi
1291 3135 1378 3207 pars
1402 3111 1477 3208 est,
1504 3109 1658 3186 ratione
1678 3109 1737 3188 sui

404 3213 679 3314 compositum.
731 3215 845 3292 Deus
871 3215 973 3292 solus
999 3210 1053 3287 est
1081 3209 1208 3288 unitas
1232 3211 1435 3308 absoluta,
1472 3183 1739 3308 simplicissima

405 3317 444 3394 da
461 3315 683 3396 nullatenus
699 3315 933 3414 composita,
962 3309 1032 3414 qui
1048 3308 1142 3388 nihil
1167 3309 1398 3409 componit,
1427 3334 1560 3414 neque
1578 3331 1740 3412 compo-

401 3414 511 3498 nitur
530 3442 552 3518 3,
594 3421 736 3522 Neque
758 3415 873 3494 etiam
892 3409 1085 3496 necessum
1104 3411 1183 3512 est,
1206 3411 1289 3492 dari
1316 3411 1486 3490 unitates
1514 3413 1583 3494 seu
1608 3431 1738 3512 partes

401 3517 594 3619 simplices
624 3518 749 3618 ideo,
778 3518 871 3618 quia
896 3516 1039 3595 dantur
1064 3513 1306 3614 composita3
1339 3513 1560 3611 compositis
1589 3514 1739 3618 quippe

402 3617 642 3704 satisfaciunt
658 3635 789 3720 partes
806 3619 985 3697 relativae
1005 3644 1018 3718 3
1071 3613 1174 3692 Hinc
1201 3639 1250 3692 ex
1269 3614 1459 3696 axiomate
1488 3615 1555 3696 illo
1580 3617 1741 3696 teuintcii'

404 3725 459 3804 sic
477 3736 731 3834 argumentor
752 3747 761 3798 :
788 3723 922 3819 extensu
939 3722 1026 3818 est,
1055 3737 1149 3830 quae
1170 3717 1281 3815 ponit
1305 3737 1433 3818 partes
1453 3735 1565 3800 extra
1579 3731 1708 3815 partes
1728 3745 1740 3820 3

411 3820 479 3902 sed
501 3823 594 3900 nihil
610 3819 656 3897 sit
672 3823 752 3902 sine
772 3819 992 3902 sufficiente
1009 3827 1162 3916 ratione
1180 3843 1191 3916 3
1221 3839 1316 3920 ergo
1335 3837 1465 3920 partes
1486 3835 1596 3900 extra
1613 3834 1743 3921 partes

412 3926 501 4041 sunt
519 3919 713 4001 sufficiens
731 3925 830 4006 ratio
851 3917 1084 4002 extensionis
1104 3971 1119 4019 ‚
1147 3917 1215 3996 etsi
1235 3919 1307 3999 sint
1324 3935 1454 4025 partes
1474 3934 1622 4002 tantum
1646 3925 1744 4002 rela-

409 4043 523 4106 tlvae.

516 4129 548 4226 i.
569 4149 631 4214 at.
660 4133 791 4227 Extenfio
808 4123 878 4202 alia
905 4121 959 4200 est
977 4131 1144 4217 continua,
1172 4142 1268 4222 quae
1298 4137 1428 4226 partes
1444 4119 1497 4201 ita
1515 4121 1744 4222 conjunstas

409 4227 551 4330 habet,
577 4240 623 4304 ut
640 4225 871 4307 censeantur
890 4221 965 4305 esse
983 4245 1108 4302 unum
1132 4273 1146 4318 ‚
1173 4225 1297 4306 veluti
1322 4249 1427 4326 pirus
1441 4227 1530 4330 ligni.
1552 4265 1561 4276 -
1582 4222 1675 4302 Alia
1690 4227 1745 4308 est

1115 4375 1118 4380 ι
1587 4351 1694 4408 imin·
