3900 4956
302 515 543 592 Pautacrro
552 509 609 588 V.
627 505 694 588 Da
703 505 876 588 conon.
886 504 1169 589 Dtv'tstatt.ar
1178 511 1374 590 Frotrnaa.
1458 507 1511 608 ᾗς

216 695 428 787 obducens
448 694 487 774 se
501 690 657 774 habebit
674 691 854 792 respectu
872 690 1046 798 argentei
1060 688 1141 792 sili,
1161 707 1206 774 ut
1223 719 1242 774 1
1267 689 1423 788 ad'114.
1462 696 1554 774 Ere

216 801 551 898 'nim<to.19a
597 794 1172 900 r6o.11-14(l.79mirlm.)
1313 863 1315 868 .
1377 821 1380 826 ·
1453 855 1456 862 .

126 927 129 935 ·
234 977 248 984 ,,
274 955 276 960 -
324 904 397 980 ΙΙΙ.
420 907 651 978 Mantalios
667 896 887 979 observavit
905 899 1102 979 beneficio
1126 897 1376 1000 microscopii
1398 895 1694 996 animabantur

216 1005 336 1103 cujus
355 999 581 1100 particulam
599 999 820 1098 sanguinis,
841 997 941 1080 inito
957 999 1117 1082 ‚calculo
1137 1002 1184 1080 ad
1201 1003 1346 1080 molem
1365 998 1549 1094 animabo,
1558 1019 1699 1116 paruum

219 1122 298 1186 tam
324 1104 510 1183 minutam
538 1101 615 1178 elle
646 1100 957 1202 demonstravit,
984 1117 1032 1182 ut
1054 1099 1210 1178 minima
1236 1107 1395 1184 arenula
1419 1105 1552 1201 plures
1564 1110 1720 1192 amnuit.

219 1198 415 1310 sanguinis
431 1218 555 1306 guttas
566 1203 773 1284 continere
789 1203 935 1304 pollet,
957 1216 1073 1309 quarn
1092 1198 1231 1282 decem
1249 1203 1428 1304 ingentes
1443 1227 1554 1306 monf.

222 1328 283 1389 tes
315 1305 468 1406 capiant
492 1304 695 1384 arenulas.
758 1307 1014 1405 Ejuscemodi
1038 1303 1269 1388 animalcula
1295 1307 1548 1406 enascuntur,

220 1433 315 1488 cum
331 1407 476 1488 festum
493 1409 676 1505 stramen,
697 1408 943 1514 autsuanutn,
958 1409 1074 1487 aliive
1092 1404 1272 1484 exficeati
1290 1407 1408 1486 flores
1427 1407 1468 1486 in
1479 1431 1547 1486 vas

219 1534 392 1615 aqueum
413 1507 663 1606 injiciuntur3
690 1529 737 1584 ac
759 1532 835 1610 per
854 1509 1005 1613 aliquot
1032 1509 1184 1588 dierum
1202 1505 1372 1608 spacium
1392 1508 1432 1587 in
1451 1526 1551 1590 tem-1

221 1629 358 1714 perata
378 1612 504 1690 libero
530 1619 621 1688 atre
640 1623 928 1714 exponuntur,
961 1627 1044 1690 tum
1067 1613 1093 1690 s1
1118 1609 1278 1690 minima
1301 1612 1452 1713 guttula
1476 1636 1552 1692 acu

218 1713 432 1812 eximitur,
461 1725 579 1814 atque
608 1735 684 1808 ope
709 1710 959 1813 microscopii
985 1712 1276 1813 consideratur,
1305 1713 1552 1793 videbuntur

221 1815 262 1895 in
281 1841 326 1894 ea
345 1813 512 1914 plurima
532 1811 762 1891 animalcula
781 1813 1041 1914 perniciffime
1066 1815 1258 1914 natantia,
1288 1840 1458 1918 quorum
1483 1815 1553 1900 alia

219 1915 551 2029 aliadeglutiant,
582 1913 670 1990 haec
693 1912 735 1992 in
757 1914 822 1992 illa
840 1916 1068 2012 incurrant,
1104 1919 1141 1994 bt
1164 1919 1349 2018 angulum
1367 1918 1551 1996 reflexio·

220 2019 281 2100 nis
297 2012 439 2099 sacrant
453 2015 593 2116 angulo
614 2011 846 2095 incidentiae
865 2019 1085 2122 aequalem,
1113 2017 1203 2095 haec
1230 2018 1301 2096 alia
1328 2043 1406 2100 ceu
1421 2020 1550 2099 hostes

219 2119 311 2201 suos
328 2119 539 2198 celerrime
555 2115 853 2218 subterfugiant.
913 2204 916 2220 ‚
1537 2159 1539 2164 ·

321 2225 388 2310 Ill.
416 2225 463 2300 ln
483 2217 595 2319 aquis
612 2241 637 2296 ·e
666 2218 808 2318 palude
836 2221 1050 2318 graminoso
1069 2219 1215 2318 vhauslis
1230 2277 1252 2320 ,s
1272 2238 1392 2326 atque
1410 2222 1551 2304 diebus

219 2318 442 2426 aliquotin
468 2320 595 2400 libero
622 2325 720 2398 aire.
736 2319 962 2426 allervatis,·
991 2321 1294 2424 paritersrnrilia
1326 2325 1553 2406 animalcula

221 2421 552 2524 conspiciuntur.⁴
683 2453 685 2459 ·
805 2455 808 2462 ⁴
896 2426 915 2496 ’ς
976 2473 978 2482 ·
1223 2474 1225 2478 -
1385 2497 1387 2502 ,
1462 2491 1464 2498 ,

272 2557 275 2564 ’
320 2530 375 2604 V.
403 2527 451 2602 In
468 2535 607 2621 aceto,
634 2517 744 2622 quod
759 2593 762 2598 .
776 2521 915 2607 diebus
942 2523 1092 2628 aliquot
1125 2538 1552 2632 temperate-evaporat·

220 2631 301 2732 vit,
328 2625 508 2706 visuntur
525 2622 747 2706 innumerae
766 2627 950 2729 anguillae
968 2627 1191 2707 motitantes
1210 2629 1286 2710 &c
1450 2677 1455 2688 ·
1566 2669 1570 2678 ·

221 2779 226 2786 ·
267 2761 269 2764 ¹
299 2729 393 2809 ·VI.·
418 2727 593 2824 Exiguael
606 2723 986 2826 quantitativeneris
1006 2726 1077 2807 seu
1090 2729 1203 2830 cupri
1214 2736 1278 2811 vel
1290 2732 1470 2828 malleati,
1487 2732 1563 2830 vel
1639 2809 1646 2831 ,,
1676 2807 1683 2832 ,-

219 2827 339 2910 limati
359 2825 583 2907 affundatur
599 2849 699 2927 aqua
715 2825 853 2928 fortis,
882 2829 1043 2906 ebulliet
1070 2829 1213 2908 insusm
1233 2863 1244 2928 3
1271 2834 1438 2933 cuprum
1453 2855 1553 2910 vero

218 2929 261 3012 in
281 2929 612 3026 minimas‘partes
636 2925 852 3024 pellucidae
867 2930 1078 3028 solutum,
1106 2928 1225 3006 viridi
1248 2935 1386 3010 colore
1413 2957 1550 3034 aquam
1582 2933 1587 2942 “
1653 2959 1669 2985 ··

218 3031 364 3112 sortem
390 3028 558 3108 imbuit:
584 3025 613 3104 fi
637 3023 819 3107 limatura
845 3029 979 3110 martis
1006 3028 1256 3133 dissolvatur,
1281 3033 1491 3118 habebitur
1508 3036 1549 3116 ln

219 3131 414 3213 solutione
437 3133 550 3210 color
565 3128 770 3208 subruber.
1433 3139 1476 3185 ὑ
1536 3191 1539 3196 .

321 3237 413 3315 VII.
439 3238 487 3313 In
510 3230 656 3311 vitrum
684 3227 823 3310 decem
847 3231 1038 3313 mensuris
1063 3259 1181 3339 aquae
1202 3235 1364 3318 mundae
1389 3239 1549 3340 plenum

211 3331 549 3434 ‘injiciaturunum
568 3353 731 3436 granum
754 3331 890 3432 cocci,
916 3337 1036 3438 vulgo
1063 3351 1205 3434 carmtn,
1234 3340 1273 3418 δι
1299 3337 1471 3440 tingetur
1488 3358 1549 3426 to·

85 3441 90 3450 '
220 3450 260 3514 ta
277 3459 377 3538 aqua
395 3433 659 3534 pulcherrimo
682 3434 850 3533 colore3
887 3435 1002 3514 habet
1027 3438 1065 3514 se
1091 3455 1219 3518 autem
1245 3463 1367 3517 unum
1386 3463 1549 3541 granum

222 3537 269 3616 ad
291 3561 338 3616 10
355 3535 564 3634 mensuras,
584 3548 629 3632 ut
650 3559 668 3612 1
690 3532 736 3612 ad
756 3539 894 3636 92160.
947 3537 1096 3619 Rursus
1109 3565 1214 3644 »aqua
1236 3539 1352 3622 unius
1371 3539 1478 3644 grani
1495 3544 1548 3620 sat

220 3635 432 3736 conspicua
447 3635 524 3736 est,
550 3633 758 3736 potestque
778 3639 817 3718 in
835 3635 1020 3752 tafacile
1038 3659 1166 3737 partes
1183 3645 1354 3722 minores
1373 3643 1546 3746 secerni3

222 3740 350 3843 92160
368 3746 415 3833 ><
435 3760 557 3852 aa:
576 3747 765 3836 1085920.
819 3743 901 3839 Tot
930 3755 1064 3845 itaque
1089 3743 1290 3843 particulis
1316 3745 1452 3847 aqueis
1470 3744 1545 3828 tin·
1567 3755 1572 3766 '

218 3839 355 3944 gendis
374 3839 516 3918 sufficit
532 3859 656 3915 unum
676 3861 853 3938 granum.
1534 3885 1537 3892 ¹

322 3943 436 4020 VIII.
463 3937 609 4018 Vitreo
628 3939 704 4018 vasi
721 3945 761 4018 Α
777 3949 841 4047 lig.
858 3971 893 4039 4.
916 3943 956 4022 in
977 3945 1150 4047 angustas
1174 3960 1375 4047 aperturas
1396 3953 1427 4027 B
1452 3947 1543 4029 deli·
1559 3941 1635 4018 Tol,
1658 3948 1685 4022 ¹.
1768 3951 1772 3960 ’

221 4041 354 4140 nenti,
383 4043 420 4120 δι
444 4038 649 4118 odorifero
676 4065 920 4146 quocunque
942 4045 1098 4150 liquore
1116 4051 1286 4152 repleto,
1310 4048 1544 4151 supponitur
1557 4051 1623 4152 sig·
1644 4068 1683 4138 4.

222 4143 292 4220 lam
323 4159 360 4219 as
379 4146 436 4239 C,
454 4141 713 4222 incalescente
737 4143 894 4247 liquore
917 4147 1196 4262 copioliffimus
1221 4173 1346 4248 vapor
1362 4173 1435 4250 per
1451 4153 1547 4235 vitri

224 4167 373 4328 brigeio
390 4242 655 4348 propellitur,
682 4243 822 4350 hisque
842 4272 997 4350 vaporis
1024 4253 1225 4352 particulis
1252 4253 1420 4354 amplum
1436 4257 1547 4334 cubi·

1429 4378 1498 4436 GU?
1536 4431 1539 4437 r
