3782 4958
385 585 390 595 .
540 522 774 613 rinnlv.
802 497 1027 614 Dinnis.
1367 557 1440 641 333

8 685 9 772 7
147 745 307 821 ramus,
333 713 468 798 a'ntliae
499 713 700 795 beneficio
728 711 930 816 sexaginta
961 716 1118 800 vicibus
1149 711 1251 818 pose
1286 709 1482 802 coartlari.

145 829 319 902 Barbarus
341 843 430 899 Parte
452 826 550 897 altera
582 827 674 896 Elem.
693 823 821 896 Cbtmiae
837 817 982 901 asserit:
1003 829 1136 904 esrem
1155 819 1255 903 ultra
1276 835 1354 914 800
1373 823 1486 904 vices

8 957 10 994 i
147 923 189 1002 in
219 923 360 1004 attilus
379 921 584 1020 comprimi
601 918 704 1001 haud
721 917 895 1021 potuisse.

245 1029 317 1116 W.
369 1023 425 1101 Sit
442 1025 560 1103 tu‘bus
584 1045 779 1103 recurvus
803 1025 940 1127 EAB3
967 1023 1089 1125 hujus·
1105 1049 1196 1105 crus
1221 1023 1384 1106 alterum
1413 1023 1484 1102 nii-
1505 1029 1579 1110 Ταῦ.
1596 1035 1633 1108 V.

146 1149 221 1208 nus
243 1127 335 1206 inB
364 1125 409 1203 sit
433 1124 647 1206 hermetice
675 1123 889 1224 sigillatum.
943 1127 1019 1206 Per
1041 1127 1219 1208 soramen
1243 1132 1277 1210 Ε
1304 1123 1483 1208 insunda·
1501 1140 1562 1244 lig.
1577 1157 1619 1234 4.

145 1243 213 1308 tur
240 1225 464 1308 Mercurius
483 1227 524 1305 in
542 1231 700 1328 tubum,
718 1241 762 1308 ut
778 1227 947 1331 primum
970 1229 1101 1308 locum
1120 1230 1196 1310 CD
1209 1227 1389 1333 impleat3
1406 1226 1485 1308 erit

145 1329 189 1407 in
214 1331 335 1432 spatio
362 1331 435 1409 DB
462 1329 634 1412 inclusus
657 1337 734 1408 aer.
817 1339 905 1430 Jam
930 1328 959 1410 fi
987 1353 1059 1429 per
1087 1331 1267 1411 foramen
1294 1336 1329 1412 E
1356 1328 1485 1410 conti-

145 1457 232 1512 nuo
257 1433 346 1532 plus
368 1433 563 1514 Mercurii
591 1429 840 1534 infundatur,
862 1431 1203 1536 deprehendetur,
1228 1430 1335 1539 quod
1354 1441 1422 1514 aer
1438 1430 1483 1515 iu

145 1559 266 1616 crure
300 1537 381 1616 DB
417 1533 615 1636 redigatur
644 1533 694 1616 ad
725 1534 853 1615 minus
877 1535 1069 1638 spatium,
1103 1531 1280 1642 adeoque
1313 1533 1481 1714 compsi

146 1649 275 1717 matur.
297 1661 369 1736 pro
391 1639 603 1740 quantitate
629 1637 852 1738 Mercurii,
884 1637 926 1716 in
952 1661 1044 1718 crus
1070 1637 1226 1738 longius
1250 1643 1326 1719 Al:
1349 1637 1391 1715 in
1410 1633 1480 1718 uli.

146 1749 400 1838 Argumenta
416 1741 527 1840 hujus
546 1739 806 1841 experimenti
823 1739 1042 1820 insistentes
1059 1745 1201 1843 Bolia»,
1225 1749 1421 1839 Μιτίοιεκε,
1442 1737 1482 1818 &

146 1851 349 1922 Amorum
377 1839 580 1920 docuere:
605 1849 736 1936 aerem
762 1841 967 1940 comprimi
988 1840 1031 1921 in
1054 1841 1207 1921 ratione
1229 1839 1482 1947 ponderum,

145 1943 186 2027 ¹&
204 1941 379 2020 densitati
397 1941 481 2022 vini
496 1941 688 2030 elasticam
709 1942 784 2022 elie
800 1940 1145 2043 proportionalem.

8 2065 10 2146 3
247 2045 386 2146 Itaque
422 2042 510 2128 cuni
535 2067 584 2124 eo
607 2048 730 2147 maior
756 2044 989 2146 compressio
1017 2044 1117 2125 aeris
1142 2044 1273 2124 sutura
1298 2043 1374 2148 lit,
1398 2068 1481 2148 quo
1502 2045 1640 2126 aldruda

8 2155 10 2248 ζ
148 2145 270 2247 majus
287 2144 411 2226 suerit
424 2141 577 2246 pondus
602 2148 885 2248 comprimens,
910 2145 1087 2249 sequitur
1103 2147 1216 2226 sane:
1243 2147 1362 2249 ipsam
1382 2146 1482 2228 aeris
1510 2156 1624 2230 Armo-

8 2267 10 2336 4
148 2247 438 2347 atmosphaeram
456 2246 630 2347 ejusdem
654 2248 804 2366 ubique
825 2245 1021 2330 densitatis
1047 2247 1126 2326 elle
1148 2274 1231 2330 non
1258 2247 1388 2352 polle3
1415 2243 1483 2326 sed
1493 2259 1626 2364 [plne.

149 2372 200 2428 eo
218 2344 442 2429 densiorem
460 2400 475 2450 ,
501 2373 582 2466 quo
609 2373 773 2453 propior
800 2350 1036 2452 superficiei
1053 2349 1205 2432 telluris
1221 2351 1367 2434 suerit:
1388 2375 1483 2432 con·

8 2497 9 2516 ι
145 2465 208 2528 tra
232 2462 332 2530 veto
360 2471 408 2528 eo
433 2473 657 2556 rariorem,
692 2477 772 2570 quo
798 2447 1003 2536 sublimius
1024 2481 1045 2536 a
1069 2455 1245 2536 Telluris
1269 2451 1484 2556 super'ficie

8 2703 9 2708 Ν
146 2655 262 2756 vior,
287 2677 493 2759 minusque
516 2673 679 2757 premet.
746 2659 786 2738 si
810 2658 874 2740 cui
903 2657 948 2738 sit
969 2659 1123 2740 animus
1145 2658 1192 2738 ad

142 2551 338 2668 assurgit
374 2553 529 2634 Rursus
554 2573 635 2658 quo
660 2577 790 2636 rarior
808 2557 928 2638 suerit
952 2567 1040 2656 a'er,
1061 2579 1110 2636 eo
1138 2581 1299 2738 quogieite
1325 2557 1418 2734 eritd
1427 2555 1482 2634 le*

1287 2681 1389 2759 egen
1420 2681 1484 2738 am

8 2783 9 2796 ¹
141 2756 421 2862 annospliaerae
447 2756 690 2839 altitudinem
714 2761 775 2842 Cl.
800 2767 920 2862 Hrllql
946 2758 1117 2839 semitam
1141 2761 1266 2863 inire,
1292 2759 1372 2837 ille·
1390 2781 1485 2837 con-1
1556 2791 1560 2799 ·

8 2949 9 2952 p
147 2861 317 2942 stitueie
349 2859 491 2960 poterit
516 2863 824 2962 progressionem
855 2858 1154 2940 Arithmeticam
1185 2887 1222 2943 ae
1249 2859 1398 2942 uallum
1426 2857 1484 2937 di·-

129 2963 376 3064 „tantinum
417 2989 439 3039 a
478 2961 690 3064 superficie
724 2960 901 3042 Telluris
935 2962 1006 3042 res
1052 2959 1177 3042 ridere
1218 2892 1485 3043 deomeiricae

148 3061 411 3170 progressioni
436 3062 600 3148 raritatis
621 3069 781 3166 aereae3
824 3061 954 3171 licque
1010 3061 1189 3145 ensitates
1211 3073 1341 3146 aereae
1362 3063 1406 3146 in
1424 3089 1497 3143 ra-.
1641 3149 1642 3152 w

146 3166 263 3249 tione
297 3165 547 3247 Geometii'ca
578 3162 815 3246 decrescent
904 3166 961 3249 sit
993 3166 1174 3249 columna
1211 3167 1483 3271 atmosphaerae
1504 3167 1662 3248 wll!

150 3277 293 3350 aereaev
315 3269 402 3350 AG
434 3294 456 3344 a
487 3263 665 3350 Telluris
695 3265 908 3370 superficie
933 3277 973 3352 A
1000 3265 1048 3348 ad
1078 3269 1196 3371 ipsam
1222 3271 1350 3375 usque
1383 3271 1484 3352 suni-
1500 3279 1563 3380 Fig-
1583 3295 1616 3352 i.

149 3371 324 3452 mitatem
352 3373 389 3449 G
411 3367 453 3449 in
478 3383 536 3450 tot
562 3369 732 3473 aequales
758 3368 954 3451 distantias
984 3369 1105 3452 divisa
1126 3381 1166 3455 A
1183 3379 1235 3476 B,
1252 3375 1369 3477 cl),
1394 3375 1484 3455 DE

151 3474 225 3554 &o
251 3472 404 3574 postulo
434 3471 625 3574 interim,
651 3468 857 3553 intervalla
886 3480 990 3576 AB,
1013 3478 1114 3576 BC,
1139 3479 1223 3560 CD
1253 3477 1324 3557 &u
1355 3499 1484 3576 aequa-

152 3575 235 3655 lein
259 3573 359 3654 aeris
383 3569 609 3655 densitatem
635 3572 863 3675 complesti,
888 3575 1062 3681 quamvis
1083 3597 1224 3660 revera
1249 3601 1330 3656 non
1360 3571 1484 3657 conti·

150 3691 301 3774 neant3
328 3673 641 3780 possuntquippe
661 3672 881 3777 subdividi,
906 3678 1037 3761 ueluti
1062 3678 1104 3758 in
1123 3685 1182 3778 03
1208 3679 1278 3758 ubi
1302 3685 1378 3759 AO
1405 3701 1485 3756 ina-
1561 3733 1562 3738 Ν

151 3779 231 3884 jori
255 3775 523 3881 atmospliaerae
547 3775 725 3879 pondere
744 3777 971 3884 premitur,
995 3805 1111 3884 quain
1136 3785 1234 3882 0133
1260 3778 1338 3860 erit
1361 3777 1485 3880 igitur

8 3941 10 3944 -
155 3878 323 3962 densitas
340 3875 470 3960 ABad
485 3877 711 3960 densitatem
725 3881 927 3982 iim-sicut
944 3885 1015 3962 BG
1032 3879 1080 3962 ad
1099 3887 1196 3966 CG.
1222 3886 1290 3966 BC
1346 3883 1483 3965 CDra

155 3990 255 4069 CG.
283 3986 376 4066 DG.
446 3985 570 4064 Porro
583 3983 660 4064 hoc
676 3982 718 4062 in
736 3984 940 4098 systemate
959 3980 1007 4064 ad
1025 3941 1485 4067 determinanddnatmo·

155 4088 323 4190 sphaerae
348 4083 593 4168 altitudinem
625 4083 705 4166 duo
730 4082 925 4169 necessum
953 4086 1009 4168 est
1034 4087 1180 4170 habere
1204 4087 1388 4194 cognitas
1415 4095 1487 4196 pri·-
1552 4137 1553 4142 ¹
1654 4123 1656 4129 v

155 4221 275 4288 inum,
301 4205 536 4287 quantonam
563 4185 611 4268 ad
639 4203 781 4268 certam
807 4188 999 4292 quandam
1025 4189 1243 4277 distantiam
1269 4221 1305 4276 v.
1320 4215 1355 4294 g.
1381 4215 1430 4273 ex
1447 4191 1487 4269 Α
1575 4252 1577 4258 ,

158 4291 248 4376 inB
272 4288 454 4394 pondere
473 4290 978 4480 atnospheeraTintinuaturi
1028 4301 1218 4394 secudans
1242 4317 1425 4480 quaednanfi
1442 4285 1489 4372 fit
1584 4322 1588 4329 .

714 4481 722 4494 ,
817 4421 850 4504 3,
909 4414 912 4428 '
1313 4421 1394 4496 ¹eii
1423 4437 1442 4458 ·
