<?xml version="1.0" encoding="UTF-8"?>
<!DOCTYPE html PUBLIC "-//W3C//DTD XHTML 1.0 Transitional//EN"
    "http://www.w3.org/TR/xhtml1/DTD/xhtml1-transitional.dtd">
<html xmlns="http://www.w3.org/1999/xhtml" xml:lang="en" lang="en">
 <head>
  <title>
</title>
<meta http-equiv="Content-Type" content="text/html;charset=utf-8" />
  <meta name='ocr-system' content='tesseract 3.04.00' />
  <meta name='ocr-capabilities' content='ocr_page ocr_carea ocr_par ocr_line ocrx_word'/>
</head>
<body>
  <div class='ocr_page' id='page_1' title='image "./florianidalhami00dalhgoog_0494.png"; bbox 0 0 3802 4942; ppageno 0'>
   <div class='ocr_carea' id='block_1_1' title="bbox 443 387 1252 494">
    <p class='ocr_par' dir='ltr' id='par_1_1' title="bbox 443 387 1252 494">
     <span class='ocr_line' id='line_1_1' title="bbox 443 387 1252 494; baseline -0.002 -20"><span class='ocrx_word' id='word_1_1' title='bbox 443 413 534 494; x_wconf 42' lang='lat' dir='ltr'><strong>490w</strong></span> <span class='ocrx_word' id='word_1_2' title='bbox 702 419 707 428; x_wconf 93' lang='lat'><strong>·</strong></span> <span class='ocrx_word' id='word_1_3' title='bbox 881 387 1153 472; x_wconf 67' lang='lat' dir='ltr'><strong>suesionis</strong></span> <span class='ocrx_word' id='word_1_4' title='bbox 1196 387 1252 472; x_wconf 75' lang='lat' dir='ltr'><strong>II.</strong></span> 
     </span>
    </p>
   </div>
   <div class='ocr_carea' id='block_1_2' title="bbox 170 551 1864 3248">
    <p class='ocr_par' dir='ltr' id='par_1_2' title="bbox 226 551 1864 2726">
     <span class='ocr_line' id='line_1_2' title="bbox 393 551 1738 681; baseline 0.007 -29"><span class='ocrx_word' id='word_1_5' title='bbox 393 570 554 678; x_wconf 76' lang='lat' dir='ltr'><strong>jecerit,</strong></span> <span class='ocrx_word' id='word_1_6' title='bbox 579 567 680 652; x_wconf 91' lang='lat' dir='ltr'><strong>illud</strong></span> <span class='ocrx_word' id='word_1_7' title='bbox 707 563 922 673; x_wconf 63' lang='lat' dir='ltr'><strong>proieflum</strong></span> <span class='ocrx_word' id='word_1_8' title='bbox 948 597 1091 676; x_wconf 84' lang='lat' dir='ltr'><strong>corpus</strong></span> <span class='ocrx_word' id='word_1_9' title='bbox 1109 574 1256 658; x_wconf 87' lang='lat' dir='ltr'><strong>serviet</strong></span> <span class='ocrx_word' id='word_1_10' title='bbox 1272 599 1344 680; x_wconf 88' lang='lat' dir='ltr'><strong>pro</strong></span> <span class='ocrx_word' id='word_1_11' title='bbox 1361 551 1507 681; x_wconf 82' lang='lat' dir='ltr'><strong>medio,</strong></span> <span class='ocrx_word' id='word_1_12' title='bbox 1524 573 1644 662; x_wconf 77' lang='lat' dir='ltr'><strong>iilum</strong></span> <span class='ocrx_word' id='word_1_13' title='bbox 1661 573 1738 662; x_wconf 85' lang='lat' dir='ltr'><strong>sul·</strong></span> 
     </span>
     <span class='ocr_line' id='line_1_3' title="bbox 395 675 816 758; baseline -0.005 -4"><span class='ocrx_word' id='word_1_14' title='bbox 395 675 570 758; x_wconf 90' lang='lat' dir='ltr'><strong>mineum</strong></span> <span class='ocrx_word' id='word_1_15' title='bbox 598 675 816 756; x_wconf 88' lang='lat' dir='ltr'><strong>deserente.</strong></span> 
     </span>
     <span class='ocr_line' id='line_1_4' title="bbox 228 774 1735 887; baseline 0.001 -29"><span class='ocrx_word' id='word_1_16' title='bbox 228 797 384 872; x_wconf 54' lang='lat' dir='ltr'><strong>curasti.</strong></span> <span class='ocrx_word' id='word_1_17' title='bbox 496 781 570 859; x_wconf 91' lang='lat' dir='ltr'><strong>VI.</strong></span> <span class='ocrx_word' id='word_1_18' title='bbox 596 778 757 858; x_wconf 86' lang='lat' dir='ltr'><strong>Plurimi</strong></span> <span class='ocrx_word' id='word_1_19' title='bbox 781 774 1033 880; x_wconf 62' lang='lat' dir='ltr'><strong>amplectier,</strong></span> <span class='ocrx_word' id='word_1_20' title='bbox 1058 780 1286 886; x_wconf 70' lang='lat' dir='ltr'>paralytici,</span> <span class='ocrx_word' id='word_1_21' title='bbox 1319 783 1509 864; x_wconf 79' lang='lat' dir='ltr'><strong>arthritici</strong></span> <span class='ocrx_word' id='word_1_22' title='bbox 1533 781 1735 887; x_wconf 82' lang='lat' dir='ltr'><strong>frequenti</strong></span> 
     </span>
     <span class='ocr_line' id='line_1_5' title="bbox 226 879 1735 990; baseline 0.005 -30"><span class='ocrx_word' id='word_1_23' title='bbox 226 907 333 978; x_wconf 62' lang='lat' dir='ltr'><strong>&amp;ricc</strong></span> <span class='ocrx_word' id='word_1_24' title='bbox 397 879 684 962; x_wconf 71' lang='lat' dir='ltr'><strong>elesliilatione</strong></span> <span class='ocrx_word' id='word_1_25' title='bbox 710 897 933 979; x_wconf 82' lang='lat' dir='ltr'><strong>curantur3</strong></span> <span class='ocrx_word' id='word_1_26' title='bbox 961 880 1144 961; x_wconf 87' lang='lat' dir='ltr'><strong>humores</strong></span> <span class='ocrx_word' id='word_1_27' title='bbox 1171 881 1317 986; x_wconf 83' lang='lat' dir='ltr'><strong>quippe</strong></span> <span class='ocrx_word' id='word_1_28' title='bbox 1346 887 1465 990; x_wconf 78' lang='lat' dir='ltr'><strong>spilli,</strong></span> <span class='ocrx_word' id='word_1_29' title='bbox 1495 887 1668 986; x_wconf 76' lang='lat' dir='ltr'><strong>viscosi,</strong></span> <span class='ocrx_word' id='word_1_30' title='bbox 1695 889 1735 968; x_wconf 84' lang='lat' dir='ltr'><strong>dc</strong></span> 
     </span>
     <span class='ocr_line' id='line_1_6' title="bbox 397 981 1864 1090; baseline 0.002 -24"><span class='ocrx_word' id='word_1_31' title='bbox 397 981 622 1066; x_wconf 80' lang='lat' dir='ltr'><strong>condensati</strong></span> <span class='ocrx_word' id='word_1_32' title='bbox 648 985 700 1064; x_wconf 90' lang='lat' dir='ltr'><strong>ita</strong></span> <span class='ocrx_word' id='word_1_33' title='bbox 726 999 1047 1085; x_wconf 75' lang='lat' dir='ltr'><strong>commoventur,</strong></span> <span class='ocrx_word' id='word_1_34' title='bbox 1073 1002 1116 1067; x_wconf 90' lang='lat' dir='ltr'><strong>ut</strong></span> <span class='ocrx_word' id='word_1_35' title='bbox 1141 985 1317 1084; x_wconf 86' lang='lat' dir='ltr'><strong>priorem</strong></span> <span class='ocrx_word' id='word_1_36' title='bbox 1343 989 1525 1090; x_wconf 85' lang='lat' dir='ltr'><strong>vigorem</strong></span> <span class='ocrx_word' id='word_1_37' title='bbox 1550 987 1737 1068; x_wconf 81' lang='lat' dir='ltr'><strong>membris</strong></span> <span class='ocrx_word' id='word_1_38' title='bbox 1862 1069 1864 1076; x_wconf 75' lang='grc'>,</span> 
     </span>
     <span class='ocr_line' id='line_1_7' title="bbox 397 1085 1733 1196; baseline 0.001 -30"><span class='ocrx_word' id='word_1_39' title='bbox 397 1088 609 1168; x_wconf 89' lang='lat' dir='ltr'><strong>restituant.</strong></span> <span class='ocrx_word' id='word_1_40' title='bbox 664 1085 825 1186; x_wconf 85' lang='lat' dir='ltr'><strong>Sanguis</strong></span> <span class='ocrx_word' id='word_1_41' title='bbox 851 1085 964 1164; x_wconf 91' lang='lat' dir='ltr'><strong>etiam</strong></span> <span class='ocrx_word' id='word_1_42' title='bbox 993 1085 1300 1168; x_wconf 76' lang='lat' dir='ltr'><strong>eleilrisatorum</strong></span> <span class='ocrx_word' id='word_1_43' title='bbox 1328 1091 1444 1174; x_wconf 91' lang='lat' dir='ltr'><strong>citius</strong></span> <span class='ocrx_word' id='word_1_44' title='bbox 1469 1093 1587 1196; x_wconf 79' lang='lat' dir='ltr'><strong>fluit,</strong></span> <span class='ocrx_word' id='word_1_45' title='bbox 1609 1096 1646 1174; x_wconf 78' lang='lat' dir='ltr'><strong>de</strong></span> <span class='ocrx_word' id='word_1_46' title='bbox 1665 1115 1733 1173; x_wconf 85' lang='lat' dir='ltr'><strong>ve·</strong></span> 
     </span>
     <span class='ocr_line' id='line_1_8' title="bbox 397 1185 1034 1286; baseline -0.002 -19"><span class='ocrx_word' id='word_1_47' title='bbox 397 1188 523 1270; x_wconf 88' lang='lat' dir='ltr'><strong>locior</strong></span> <span class='ocrx_word' id='word_1_48' title='bbox 548 1185 652 1266; x_wconf 87' lang='lat' dir='ltr'><strong>redit</strong></span> <span class='ocrx_word' id='word_1_49' title='bbox 680 1212 867 1265; x_wconf 90' lang='lat' dir='ltr'><strong>venarum</strong></span> <span class='ocrx_word' id='word_1_50' title='bbox 896 1185 1034 1286; x_wconf 83' lang='lat' dir='ltr'><strong>pulsus</strong></span> 
     </span>
     <span class='ocr_line' id='line_1_9' title="bbox 499 1287 1733 1398; baseline 0.001 -31"><span class='ocrx_word' id='word_1_51' title='bbox 499 1295 530 1392; x_wconf 69' lang='lat' dir='ltr'><strong>t.</strong></span> <span class='ocrx_word' id='word_1_52' title='bbox 548 1313 633 1392; x_wconf 85' lang='lat'>544.</span> <span class='ocrx_word' id='word_1_53' title='bbox 659 1288 857 1370; x_wconf 74' lang='lat' dir='ltr'><strong>Dostores</strong></span> <span class='ocrx_word' id='word_1_54' title='bbox 873 1287 961 1366; x_wconf 86' lang='lat' dir='ltr'><strong>Itali</strong></span> <span class='ocrx_word' id='word_1_55' title='bbox 978 1303 1082 1367; x_wconf 73' lang='lat' dir='ltr'><strong>rivaii&#39;</strong></span> <span class='ocrx_word' id='word_1_56' title='bbox 1098 1291 1135 1370; x_wconf 78' lang='lat' dir='ltr'><strong>dr</strong></span> <span class='ocrx_word' id='word_1_57' title='bbox 1154 1287 1333 1376; x_wconf 76' lang='lat' dir='ltr'><strong>Veratihic</strong></span> <span class='ocrx_word' id='word_1_58' title='bbox 1352 1291 1514 1398; x_wconf 88' lang='lat' dir='ltr'><strong>quidem</strong></span> <span class='ocrx_word' id='word_1_59' title='bbox 1525 1293 1733 1394; x_wconf 73' lang='lat' dir='ltr'><strong>Bononiae,</strong></span> 
     </span>
     <span class='ocr_line' id='line_1_10' title="bbox 399 1388 1838 1500; baseline 0.008 -29"><span class='ocrx_word' id='word_1_60' title='bbox 399 1391 468 1471; x_wconf 89' lang='lat' dir='ltr'><strong>ille</strong></span> <span class='ocrx_word' id='word_1_61' title='bbox 491 1388 673 1471; x_wconf 83' lang='lat' dir='ltr'><strong>venetiis</strong></span> <span class='ocrx_word' id='word_1_62' title='bbox 697 1391 957 1472; x_wconf 78' lang='lat' dir='ltr'><strong>recentissime</strong></span> <span class='ocrx_word' id='word_1_63' title='bbox 982 1394 1111 1472; x_wconf 89' lang='lat' dir='ltr'><strong>conati</strong></span> <span class='ocrx_word' id='word_1_64' title='bbox 1145 1395 1234 1474; x_wconf 88' lang='lat' dir='ltr'><strong>sunt</strong></span> <span class='ocrx_word' id='word_1_65' title='bbox 1261 1397 1528 1500; x_wconf 86' lang='lat' dir='ltr'><strong>experimenta</strong></span> <span class='ocrx_word' id='word_1_66' title='bbox 1553 1394 1736 1475; x_wconf 77' lang='lat' dir='ltr'><strong>eleitn&#39;ca</strong></span> <span class='ocrx_word' id='word_1_67' title='bbox 1833 1465 1838 1482; x_wconf 91' lang='lat'><strong>.</strong></span> 
     </span>
     <span class='ocr_line' id='line_1_11' title="bbox 397 1491 1864 1600; baseline 0 -22"><span class='ocrx_word' id='word_1_68' title='bbox 397 1493 546 1578; x_wconf 84' lang='lat' dir='ltr'><strong>utiliori</strong></span> <span class='ocrx_word' id='word_1_69' title='bbox 571 1519 657 1577; x_wconf 94' lang='lat' dir='ltr'><strong>cum</strong></span> <span class='ocrx_word' id='word_1_70' title='bbox 684 1491 869 1595; x_wconf 68' lang='lat' dir='ltr'><strong>prosectu</strong></span> <span class='ocrx_word' id='word_1_71' title='bbox 891 1493 935 1574; x_wconf 87' lang='lat' dir='ltr'><strong>&#39;in</strong></span> <span class='ocrx_word' id='word_1_72' title='bbox 964 1518 1047 1572; x_wconf 89' lang='lat' dir='ltr'><strong>rem</strong></span> <span class='ocrx_word' id='word_1_73' title='bbox 1077 1494 1266 1576; x_wconf 89' lang='lat' dir='ltr'><strong>medicam</strong></span> <span class='ocrx_word' id='word_1_74' title='bbox 1290 1497 1511 1600; x_wconf 77' lang='lat' dir='ltr'><strong>invehere3</strong></span> <span class='ocrx_word' id='word_1_75' title='bbox 1546 1499 1739 1578; x_wconf 81' lang='lat' dir='ltr'><strong>existima·</strong></span> <span class='ocrx_word' id='word_1_76' title='bbox 1862 1537 1864 1544; x_wconf 33' lang='lat' dir='ltr'>v</span> 
     </span>
     <span class='ocr_line' id='line_1_12' title="bbox 397 1595 1736 1705; baseline -0.001 -27"><span class='ocrx_word' id='word_1_77' title='bbox 397 1611 493 1679; x_wconf 89' lang='lat' dir='ltr'><strong>runt</strong></span> <span class='ocrx_word' id='word_1_78' title='bbox 533 1599 683 1699; x_wconf 81' lang='lat' dir='ltr'><strong>uippe,</strong></span> <span class='ocrx_word' id='word_1_79' title='bbox 709 1596 892 1680; x_wconf 82' lang='lat' dir='ltr'><strong>virtutem</strong></span> <span class='ocrx_word' id='word_1_80' title='bbox 921 1595 1133 1680; x_wconf 87' lang='lat' dir='ltr'><strong>medicinae</strong></span> <span class='ocrx_word' id='word_1_81' title='bbox 1158 1599 1201 1680; x_wconf 90' lang='lat' dir='ltr'><strong>in</strong></span> <span class='ocrx_word' id='word_1_82' title='bbox 1228 1619 1369 1703; x_wconf 86' lang='lat' dir='ltr'><strong>corpus</strong></span> <span class='ocrx_word' id='word_1_83' title='bbox 1391 1600 1598 1705; x_wconf 83' lang='lat' dir='ltr'><strong>propagari</strong></span> <span class='ocrx_word' id='word_1_84' title='bbox 1619 1596 1736 1698; x_wconf 75' lang='lat' dir='ltr'><strong>polle,</strong></span> 
     </span>
     <span class='ocr_line' id='line_1_13' title="bbox 399 1627 1738 1804; baseline 0.002 -25"><span class='ocrx_word' id='word_1_85' title='bbox 399 1627 569 1779; x_wconf 79' lang='lat' dir='ltr'><strong>fimddo</strong></span> <span class='ocrx_word' id='word_1_86' title='bbox 598 1701 743 1800; x_wconf 81' lang='lat' dir='ltr'><strong>homo,</strong></span> <span class='ocrx_word' id='word_1_87' title='bbox 768 1697 835 1804; x_wconf 89' lang='lat' dir='ltr'><strong>qui</strong></span> <span class='ocrx_word' id='word_1_88' title='bbox 861 1696 1096 1777; x_wconf 86' lang='lat' dir='ltr'><strong>medicinam</strong></span> <span class='ocrx_word' id='word_1_89' title='bbox 1120 1701 1228 1780; x_wconf 90' lang='lat' dir='ltr'><strong>illam</strong></span> <span class='ocrx_word' id='word_1_90' title='bbox 1255 1728 1372 1792; x_wconf 83' lang='lat' dir='ltr'><strong>manu</strong></span> <span class='ocrx_word' id='word_1_91' title='bbox 1394 1703 1593 1803; x_wconf 80' lang='lat' dir='ltr'><strong>tenuerit,</strong></span> <span class='ocrx_word' id='word_1_92' title='bbox 1618 1700 1738 1783; x_wconf 88' lang='lat' dir='ltr'><strong>suerit</strong></span> 
     </span>
     <span class='ocr_line' id='line_1_14' title="bbox 399 1799 1864 1902; baseline 0.001 -22"><span class='ocrx_word' id='word_1_93' title='bbox 399 1799 669 1898; x_wconf 68' lang='lat' dir='ltr'><strong>eleflrisetusa</strong></span> <span class='ocrx_word' id='word_1_94' title='bbox 694 1827 836 1882; x_wconf 86' lang='lat' dir='ltr'><strong>verum</strong></span> <span class='ocrx_word' id='word_1_95' title='bbox 862 1802 950 1882; x_wconf 87' lang='lat' dir='ltr'><strong>haec</strong></span> <span class='ocrx_word' id='word_1_96' title='bbox 975 1801 1110 1902; x_wconf 91' lang='lat' dir='ltr'><strong>opinio</strong></span> <span class='ocrx_word' id='word_1_97' title='bbox 1135 1805 1310 1886; x_wconf 92' lang='lat' dir='ltr'><strong>omnium</strong></span> <span class='ocrx_word' id='word_1_98' title='bbox 1338 1804 1504 1886; x_wconf 92' lang='lat' dir='ltr'><strong>aliorum</strong></span> <span class='ocrx_word' id='word_1_99' title='bbox 1532 1803 1736 1886; x_wconf 83' lang='lat' dir='ltr'><strong>sententiae</strong></span> <span class='ocrx_word' id='word_1_100' title='bbox 1862 1809 1864 1836; x_wconf 74' lang='lat'>¹</span> 
     </span>
     <span class='ocr_line' id='line_1_15' title="bbox 400 1901 1736 2010; baseline -0.001 -26"><span class='ocrx_word' id='word_1_101' title='bbox 400 1921 513 2010; x_wconf 81' lang='lat' dir='ltr'><strong>atque</strong></span> <span class='ocrx_word' id='word_1_102' title='bbox 540 1902 816 2006; x_wconf 85' lang='lat' dir='ltr'><strong>experimentis</strong></span> <span class='ocrx_word' id='word_1_103' title='bbox 846 1901 1098 1984; x_wconf 85' lang='lat' dir='ltr'><strong>adversatur:</strong></span> <span class='ocrx_word' id='word_1_104' title='bbox 1150 1905 1250 1984; x_wconf 87' lang='lat' dir='ltr'><strong>Mihi</strong></span> <span class='ocrx_word' id='word_1_105' title='bbox 1280 1906 1347 1986; x_wconf 88' lang='lat' dir='ltr'><strong>illa</strong></span> <span class='ocrx_word' id='word_1_106' title='bbox 1371 1906 1526 1988; x_wconf 87' lang='lat' dir='ltr'><strong>abunde</strong></span> <span class='ocrx_word' id='word_1_107' title='bbox 1552 1911 1736 2010; x_wconf 84' lang='lat' dir='ltr'><strong>reproba-</strong></span> 
     </span>
     <span class='ocr_line' id='line_1_16' title="bbox 399 2005 1739 2112; baseline 0 -22"><span class='ocrx_word' id='word_1_108' title='bbox 399 2025 465 2090; x_wconf 88' lang='lat' dir='ltr'><strong>tur</strong></span> <span class='ocrx_word' id='word_1_109' title='bbox 491 2030 539 2084; x_wconf 86' lang='lat' dir='ltr'><strong>ex</strong></span> <span class='ocrx_word' id='word_1_110' title='bbox 565 2031 639 2107; x_wconf 68' lang='lat' dir='ltr'><strong>eo,</strong></span> <span class='ocrx_word' id='word_1_111' title='bbox 664 2005 769 2112; x_wconf 88' lang='lat' dir='ltr'><strong>quod</strong></span> <span class='ocrx_word' id='word_1_112' title='bbox 797 2006 965 2110; x_wconf 83' lang='lat' dir='ltr'><strong>sphaeree</strong></span> <span class='ocrx_word' id='word_1_113' title='bbox 996 2005 1139 2088; x_wconf 84' lang='lat' dir='ltr'><strong>vitreae</strong></span> <span class='ocrx_word' id='word_1_114' title='bbox 1164 2011 1401 2090; x_wconf 84' lang='lat' dir='ltr'><strong>mercurium</strong></span> <span class='ocrx_word' id='word_1_115' title='bbox 1427 2007 1641 2088; x_wconf 89' lang='lat' dir='ltr'><strong>indiderim</strong></span> <span class='ocrx_word' id='word_1_116' title='bbox 1662 2009 1739 2111; x_wconf 72' lang='lat' dir='ltr'><strong>,st</strong></span> 
     </span>
     <span class='ocr_line' id='line_1_17' title="bbox 401 2104 1739 2220; baseline 0.002 -29"><span class='ocrx_word' id='word_1_117' title='bbox 401 2108 598 2212; x_wconf 81' lang='lat' dir='ltr'><strong>applicatis</strong></span> <span class='ocrx_word' id='word_1_118' title='bbox 623 2109 841 2220; x_wconf 69' lang='lat' dir='ltr'><strong>lorinsecus</strong></span> <span class='ocrx_word' id='word_1_119' title='bbox 868 2104 1034 2189; x_wconf 76' lang='lat' dir='ltr'><strong>bratteis</strong></span> <span class='ocrx_word' id='word_1_120' title='bbox 1060 2110 1217 2212; x_wconf 81' lang='lat' dir='ltr'><strong>aureis,</strong></span> <span class='ocrx_word' id='word_1_121' title='bbox 1249 2113 1338 2212; x_wconf 89' lang='lat' dir='ltr'><strong>post</strong></span> <span class='ocrx_word' id='word_1_122' title='bbox 1369 2112 1644 2194; x_wconf 87' lang='lat' dir='ltr'><strong>vehementem</strong></span> <span class='ocrx_word' id='word_1_123' title='bbox 1671 2113 1739 2194; x_wconf 89' lang='lat' dir='ltr'><strong>sri-</strong></span> 
     </span>
     <span class='ocr_line' id='line_1_18' title="bbox 398 2208 1740 2314; baseline 0 -22"><span class='ocrx_word' id='word_1_124' title='bbox 398 2211 594 2314; x_wconf 68' lang='lat' dir='ltr'><strong>stionem,</strong></span> <span class='ocrx_word' id='word_1_125' title='bbox 618 2212 656 2291; x_wconf 80' lang='lat' dir='ltr'><strong>dc</strong></span> <span class='ocrx_word' id='word_1_126' title='bbox 681 2208 1013 2312; x_wconf 74' lang='lat' dir='ltr'><strong>incalescentiam,</strong></span> <span class='ocrx_word' id='word_1_127' title='bbox 1032 2211 1196 2293; x_wconf 79' lang='lat' dir='ltr'><strong>bratteis</strong></span> <span class='ocrx_word' id='word_1_128' title='bbox 1220 2213 1300 2294; x_wconf 91' lang='lat' dir='ltr'><strong>illis</strong></span> <span class='ocrx_word' id='word_1_129' title='bbox 1332 2217 1440 2296; x_wconf 87' lang='lat' dir='ltr'><strong>nulla</strong></span> <span class='ocrx_word' id='word_1_130' title='bbox 1467 2216 1657 2295; x_wconf 89' lang='lat' dir='ltr'><strong>mercurii</strong></span> <span class='ocrx_word' id='word_1_131' title='bbox 1685 2213 1740 2294; x_wconf 88' lang='lat' dir='ltr'><strong>es·</strong></span> 
     </span>
     <span class='ocr_line' id='line_1_19' title="bbox 401 2311 1864 2418; baseline 0.001 -24"><span class='ocrx_word' id='word_1_132' title='bbox 401 2315 522 2398; x_wconf 86' lang='lat' dir='ltr'><strong>fluvia</strong></span> <span class='ocrx_word' id='word_1_133' title='bbox 548 2312 736 2394; x_wconf 77' lang='lat' dir='ltr'><strong>accessisse</strong></span> <span class='ocrx_word' id='word_1_134' title='bbox 773 2315 825 2396; x_wconf 94' lang='lat' dir='ltr'><strong>ob</strong></span> <span class='ocrx_word' id='word_1_135' title='bbox 852 2311 1085 2396; x_wconf 89' lang='lat' dir='ltr'><strong>invariatum</strong></span> <span class='ocrx_word' id='word_1_136' title='bbox 1122 2314 1206 2396; x_wconf 87' lang='lat' dir='ltr'><strong>auri</strong></span> <span class='ocrx_word' id='word_1_137' title='bbox 1241 2317 1416 2397; x_wconf 92' lang='lat' dir='ltr'><strong>colorem</strong></span> <span class='ocrx_word' id='word_1_138' title='bbox 1442 2318 1737 2418; x_wconf 83' lang='lat' dir='ltr'><strong>intellexerim3</strong></span> <span class='ocrx_word' id='word_1_139' title='bbox 1862 2335 1864 2340; x_wconf 83' lang='grc'><strong>’</strong></span> 
     </span>
     <span class='ocr_line' id='line_1_20' title="bbox 402 2414 1740 2516; baseline -0.001 -18"><span class='ocrx_word' id='word_1_140' title='bbox 402 2443 490 2499; x_wconf 86' lang='lat' dir='ltr'><strong>cum</strong></span> <span class='ocrx_word' id='word_1_141' title='bbox 518 2415 705 2498; x_wconf 87' lang='lat' dir='ltr'><strong>mercurii</strong></span> <span class='ocrx_word' id='word_1_142' title='bbox 731 2433 861 2496; x_wconf 88' lang='lat' dir='ltr'><strong>tamen</strong></span> <span class='ocrx_word' id='word_1_143' title='bbox 887 2414 926 2496; x_wconf 77' lang='lat' dir='ltr'><strong>ilc</strong></span> <span class='ocrx_word' id='word_1_144' title='bbox 953 2415 1036 2495; x_wconf 86' lang='lat' dir='ltr'><strong>auri</strong></span> <span class='ocrx_word' id='word_1_145' title='bbox 1060 2419 1223 2499; x_wconf 86' lang='lat' dir='ltr'><strong>maxima</strong></span> <span class='ocrx_word' id='word_1_146' title='bbox 1245 2417 1631 2516; x_wconf 75' lang='lat' dir='ltr'><strong>sitcommunicati03</strong></span> <span class='ocrx_word' id='word_1_147' title='bbox 1656 2443 1740 2500; x_wconf 93' lang='lat' dir='ltr'><strong>non</strong></span> 
     </span>
     <span class='ocr_line' id='line_1_21' title="bbox 401 2519 1741 2616; baseline 0.001 -16"><span class='ocrx_word' id='word_1_148' title='bbox 401 2537 529 2601; x_wconf 88' lang='lat' dir='ltr'><strong>tamen</strong></span> <span class='ocrx_word' id='word_1_149' title='bbox 554 2519 730 2616; x_wconf 80' lang='lat' dir='ltr'><strong>inficior,</strong></span> <span class='ocrx_word' id='word_1_150' title='bbox 745 2520 955 2598; x_wconf 87' lang='lat' dir='ltr'><strong>humorum</strong></span> <span class='ocrx_word' id='word_1_151' title='bbox 982 2521 1245 2602; x_wconf 85' lang='lat' dir='ltr'><strong>commotione</strong></span> <span class='ocrx_word' id='word_1_152' title='bbox 1263 2520 1446 2604; x_wconf 74' lang='lat' dir='ltr'><strong>eletirica</strong></span> <span class='ocrx_word' id='word_1_153' title='bbox 1466 2519 1639 2602; x_wconf 88' lang='lat' dir='ltr'><strong>infirmis</strong></span> <span class='ocrx_word' id='word_1_154' title='bbox 1655 2547 1741 2602; x_wconf 89' lang='lat' dir='ltr'><strong>cor-</strong></span> 
     </span>
     <span class='ocr_line' id='line_1_22' title="bbox 402 2617 1215 2726; baseline -0.001 -23"><span class='ocrx_word' id='word_1_155' title='bbox 402 2623 565 2726; x_wconf 87' lang='lat' dir='ltr'><strong>poribus</strong></span> <span class='ocrx_word' id='word_1_156' title='bbox 582 2619 729 2704; x_wconf 80' lang='lat' dir='ltr'><strong>restitui</strong></span> <span class='ocrx_word' id='word_1_157' title='bbox 747 2617 854 2724; x_wconf 84' lang='lat' dir='ltr'><strong>polle</strong></span> <span class='ocrx_word' id='word_1_158' title='bbox 873 2617 1083 2702; x_wconf 85' lang='lat' dir='ltr'><strong>sanitatem.</strong></span> <span class='ocrx_word' id='word_1_159' title='bbox 1214 2637 1215 2640; x_wconf 68' lang='lat'>‘</span> 
     </span>
    </p>

    <p class='ocr_par' dir='ltr' id='par_1_3' title="bbox 170 2714 1864 3032">
     <span class='ocr_line' id='line_1_23' title="bbox 170 2714 1740 2834; baseline -0.001 -28"><span class='ocrx_word' id='word_1_160' title='bbox 170 2737 174 2746; x_wconf 87' lang='lat'>&#39;</span> <span class='ocrx_word' id='word_1_161' title='bbox 230 2714 300 2828; x_wconf 62' lang='lat'><strong>¹¹¹⁹!</strong></span> <span class='ocrx_word' id='word_1_162' title='bbox 316 2734 391 2806; x_wconf 61' lang='lat' dir='ltr'><strong>W*</strong></span> <span class='ocrx_word' id='word_1_163' title='bbox 501 2733 531 2829; x_wconf 71' lang='lat' dir='ltr'><strong>t.</strong></span> <span class='ocrx_word' id='word_1_164' title='bbox 552 2751 637 2830; x_wconf 81' lang='lat'><em>545.</em></span> <span class='ocrx_word' id='word_1_165' title='bbox 665 2727 717 2804; x_wconf 90' lang='lat' dir='ltr'><strong>D.</strong></span> <span class='ocrx_word' id='word_1_166' title='bbox 736 2721 947 2824; x_wconf 81' lang='lat' dir='ltr'><strong>Procopius</strong></span> <span class='ocrx_word' id='word_1_167' title='bbox 966 2721 1152 2806; x_wconf 76' lang='lat' dir='ltr'><strong>Lucensis</strong></span> <span class='ocrx_word' id='word_1_168' title='bbox 1177 2721 1441 2834; x_wconf 77' lang='lat' dir='ltr'><strong>experimenta</strong></span> <span class='ocrx_word' id='word_1_169' title='bbox 1467 2721 1653 2804; x_wconf 75' lang='lat' dir='ltr'><strong>eleitrica</strong></span> <span class='ocrx_word' id='word_1_170' title='bbox 1675 2727 1740 2805; x_wconf 82' lang='lat' dir='ltr'><strong>tri-</strong></span> 
     </span>
     <span class='ocr_line' id='line_1_24' title="bbox 232 2813 1864 2933; baseline 0 -28"><span class='ocrx_word' id='word_1_171' title='bbox 232 2824 303 2928; x_wconf 63' lang='lat' dir='ltr'><strong>m&#39;?</strong></span> <span class='ocrx_word' id='word_1_172' title='bbox 316 2917 321 2928; x_wconf 31' lang='grc' dir='ltr'><strong><em>ι</em></strong></span> <span class='ocrx_word' id='word_1_173' title='bbox 335 2813 536 2933; x_wconf 54' lang='lat' dir='ltr'><strong>diffussam</strong></span> <span class='ocrx_word' id='word_1_174' title='bbox 558 2825 743 2928; x_wconf 63' lang='lat' dir='ltr'><strong>partitur,</strong></span> <span class='ocrx_word' id='word_1_175' title='bbox 770 2847 912 2924; x_wconf 79' lang='lat' dir='ltr'><strong>nempe</strong></span> <span class='ocrx_word' id='word_1_176' title='bbox 937 2823 980 2906; x_wconf 82' lang='lat' dir='ltr'><strong>ln</strong></span> <span class='ocrx_word' id='word_1_177' title='bbox 1014 2825 1277 2925; x_wconf 77' lang='lat' dir='ltr'><strong>experimenta</strong></span> <span class='ocrx_word' id='word_1_178' title='bbox 1303 2833 1502 2930; x_wconf 70' lang='lat' dir='ltr'><strong>ciiriltlitiiti&#39;s,</strong></span> <span class='ocrx_word' id='word_1_179' title='bbox 1517 2831 1741 2931; x_wconf 57' lang='lat' dir='ltr'><strong>jucunditati,</strong></span> <span class='ocrx_word' id='word_1_180' title='bbox 1863 2863 1864 2912; x_wconf 83' lang='lat'>1</span> 
     </span>
     <span class='ocr_line' id='line_1_25' title="bbox 233 2917 1864 3032; baseline 0.002 -26"><span class='ocrx_word' id='word_1_181' title='bbox 233 2917 442 3006; x_wconf 59' lang='lat' dir='ltr'><strong>mmm&amp;</strong></span> <span class='ocrx_word' id='word_1_182' title='bbox 474 2936 630 3006; x_wconf 70' lang='lat' dir='ltr'><strong>uiibiaiti.</strong></span> <span class='ocrx_word' id='word_1_183' title='bbox 703 2927 981 3031; x_wconf 81' lang='lat' dir='ltr'><strong>Experimenta</strong></span> <span class='ocrx_word' id='word_1_184' title='bbox 1015 2927 1246 3010; x_wconf 76' lang='lat' dir='ltr'><strong>curiositatis</strong></span> <span class='ocrx_word' id='word_1_185' title='bbox 1278 2941 1391 3007; x_wconf 78' lang='lat' dir='ltr'><strong>vocat</strong></span> <span class='ocrx_word' id='word_1_186' title='bbox 1417 2953 1495 3032; x_wconf 76' lang='lat' dir='ltr'><strong>ea,</strong></span> <span class='ocrx_word' id='word_1_187' title='bbox 1528 2951 1623 3031; x_wconf 86' lang='lat' dir='ltr'><strong>quae</strong></span> <span class='ocrx_word' id='word_1_188' title='bbox 1648 2950 1739 3010; x_wconf 88' lang='lat' dir='ltr'><strong>cunr</strong></span> <span class='ocrx_word' id='word_1_189' title='bbox 1862 2937 1864 2944; x_wconf 81' lang='grc'>’</span> 
     </span>
    </p>

    <p class='ocr_par' dir='ltr' id='par_1_4' title="bbox 405 3027 1742 3248">
     <span class='ocr_line' id='line_1_26' title="bbox 405 3027 1741 3128; baseline 0.003 -22"><span class='ocrx_word' id='word_1_190' title='bbox 405 3029 639 3128; x_wconf 81' lang='lat' dir='ltr'><strong>corporibus</strong></span> <span class='ocrx_word' id='word_1_191' title='bbox 656 3029 756 3128; x_wconf 77' lang='lat' dir='ltr'><strong>vita,</strong></span> <span class='ocrx_word' id='word_1_192' title='bbox 780 3031 818 3108; x_wconf 81' lang='lat' dir='ltr'><strong>di</strong></span> <span class='ocrx_word' id='word_1_193' title='bbox 837 3029 949 3110; x_wconf 91' lang='lat' dir='ltr'><strong>sensu</strong></span> <span class='ocrx_word' id='word_1_194' title='bbox 966 3029 1192 3110; x_wconf 84' lang='lat' dir='ltr'><strong>carentibus</strong></span> <span class='ocrx_word' id='word_1_195' title='bbox 1244 3027 1514 3122; x_wconf 63' lang='lat' dir='ltr'><strong>reducuntur,</strong></span> <span class='ocrx_word' id='word_1_196' title='bbox 1539 3031 1664 3111; x_wconf 89' lang='lat' dir='ltr'><strong>veluti</strong></span> <span class='ocrx_word' id='word_1_197' title='bbox 1684 3032 1741 3110; x_wconf 85' lang='lat' dir='ltr'><strong>so-</strong></span> 
     </span>
     <span class='ocr_line' id='line_1_27' title="bbox 405 3057 1742 3248; baseline 0.003 -39"><span class='ocrx_word' id='word_1_198' title='bbox 405 3153 481 3212; x_wconf 85' lang='lat' dir='ltr'><strong>nus</strong></span> <span class='ocrx_word' id='word_1_199' title='bbox 495 3130 840 3226; x_wconf 65' lang='lat' dir='ltr'><strong>campanulum„</strong></span> <span class='ocrx_word' id='word_1_200' title='bbox 867 3130 1075 3213; x_wconf 88' lang='lat' dir='ltr'><strong>barometri</strong></span> <span class='ocrx_word' id='word_1_201' title='bbox 1100 3057 1465 3232; x_wconf 70' lang='lat' dir='ltr'><strong>phosplorescentia</strong></span> <span class='ocrx_word' id='word_1_202' title='bbox 1490 3132 1560 3210; x_wconf 80' lang='lat' dir='ltr'><strong>&amp;c</strong></span> <span class='ocrx_word' id='word_1_203' title='bbox 1614 3137 1742 3248; x_wconf 70' lang='lat' dir='ltr'><strong>Eripe</strong></span> 
     </span>
    </p>
   </div>
   <div class='ocr_carea' id='block_1_3' title="bbox 405 3229 1743 3412">
    <p class='ocr_par' dir='ltr' id='par_1_5' title="bbox 405 3229 1743 3412">
     <span class='ocr_line' id='line_1_28' title="bbox 405 3229 1743 3412; baseline 0.002 -100"><span class='ocrx_word' id='word_1_204' title='bbox 405 3232 571 3312; x_wconf 89' lang='lat' dir='ltr'><strong>rimenta</strong></span> <span class='ocrx_word' id='word_1_205' title='bbox 597 3229 846 3332; x_wconf 86' lang='lat' dir='ltr'><strong>jucunditatis</strong></span> <span class='ocrx_word' id='word_1_206' title='bbox 868 3236 956 3317; x_wconf 90' lang='lat' dir='ltr'><strong>sunt</strong></span> <span class='ocrx_word' id='word_1_207' title='bbox 976 3259 1042 3333; x_wconf 74' lang='lat' dir='ltr'><strong>ea,</strong></span> <span class='ocrx_word' id='word_1_208' title='bbox 1062 3257 1157 3412; x_wconf 60' lang='lat' dir='ltr'><strong>guae</strong></span> <span class='ocrx_word' id='word_1_209' title='bbox 1188 3232 1294 3313; x_wconf 89' lang='lat' dir='ltr'><strong>fiunt</strong></span> <span class='ocrx_word' id='word_1_210' title='bbox 1320 3257 1410 3316; x_wconf 88' lang='lat' dir='ltr'><strong>cum</strong></span> <span class='ocrx_word' id='word_1_211' title='bbox 1440 3233 1541 3312; x_wconf 89' lang='lat' dir='ltr'><strong>vivis</strong></span> <span class='ocrx_word' id='word_1_212' title='bbox 1566 3255 1743 3336; x_wconf 91' lang='lat' dir='ltr'><strong>corpori·</strong></span> 
     </span>
    </p>
   </div>
   <div class='ocr_carea' id='block_1_4' title="bbox 350 3333 1864 4266">
    <p class='ocr_par' dir='ltr' id='par_1_6' title="bbox 407 3333 1741 3438">
     <span class='ocr_line' id='line_1_29' title="bbox 407 3333 1741 3438; baseline 0.001 -22"><span class='ocrx_word' id='word_1_213' title='bbox 407 3339 503 3438; x_wconf 83' lang='lat' dir='ltr'><strong>bus,</strong></span> <span class='ocrx_word' id='word_1_214' title='bbox 527 3333 649 3416; x_wconf 80' lang='lat' dir='ltr'><strong>veluti</strong></span> <span class='ocrx_word' id='word_1_215' title='bbox 675 3359 764 3416; x_wconf 91' lang='lat' dir='ltr'><strong>cum</strong></span> <span class='ocrx_word' id='word_1_216' title='bbox 782 3335 958 3415; x_wconf 81' lang='lat' dir='ltr'><strong>animalia</strong></span> <span class='ocrx_word' id='word_1_217' title='bbox 972 3335 1059 3418; x_wconf 91' lang='lat' dir='ltr'><strong>occi</strong></span> <span class='ocrx_word' id='word_1_218' title='bbox 1092 3347 1232 3430; x_wconf 68' lang='lat' dir='ltr'><strong>untur,</strong></span> <span class='ocrx_word' id='word_1_219' title='bbox 1257 3333 1351 3417; x_wconf 91' lang='lat' dir='ltr'><strong>item</strong></span> <span class='ocrx_word' id='word_1_220' title='bbox 1378 3361 1465 3418; x_wconf 89' lang='lat' dir='ltr'><strong>cuin</strong></span> <span class='ocrx_word' id='word_1_221' title='bbox 1481 3335 1568 3438; x_wconf 87' lang='lat' dir='ltr'><strong>quis</strong></span> <span class='ocrx_word' id='word_1_222' title='bbox 1587 3334 1636 3412; x_wconf 88' lang='lat' dir='ltr'><strong>ad</strong></span> <span class='ocrx_word' id='word_1_223' title='bbox 1658 3363 1741 3436; x_wconf 92' lang='lat' dir='ltr'><strong>por-</strong></span> 
     </span>
    </p>

    <p class='ocr_par' dir='ltr' id='par_1_7' title="bbox 405 3433 1741 3538">
     <span class='ocr_line' id='line_1_30' title="bbox 405 3433 1741 3538; baseline -0.004 -16"><span class='ocrx_word' id='word_1_224' title='bbox 405 3456 484 3523; x_wconf 91' lang='lat' dir='ltr'><strong>tam</strong></span> <span class='ocrx_word' id='word_1_225' title='bbox 512 3438 664 3534; x_wconf 77' lang='lat' dir='ltr'><strong>domus,</strong></span> <span class='ocrx_word' id='word_1_226' title='bbox 680 3461 879 3538; x_wconf 85' lang='lat' dir='ltr'><strong>campanae</strong></span> <span class='ocrx_word' id='word_1_227' title='bbox 898 3438 1047 3518; x_wconf 85' lang='lat' dir='ltr'><strong>sermm</strong></span> <span class='ocrx_word' id='word_1_228' title='bbox 1067 3433 1323 3517; x_wconf 73' lang='lat' dir='ltr'><strong>eletlrisatum</strong></span> <span class='ocrx_word' id='word_1_229' title='bbox 1350 3436 1593 3536; x_wconf 80' lang='lat' dir='ltr'><strong>contigerit,</strong></span> <span class='ocrx_word' id='word_1_230' title='bbox 1619 3437 1741 3538; x_wconf 86' lang='lat' dir='ltr'><strong>inopi·</strong></span> 
     </span>
    </p>

    <p class='ocr_par' dir='ltr' id='par_1_8' title="bbox 409 3537 1740 3639">
     <span class='ocr_line' id='line_1_31' title="bbox 409 3537 1740 3639; baseline -0.008 -15"><span class='ocrx_word' id='word_1_231' title='bbox 409 3563 502 3624; x_wconf 81' lang='lat' dir='ltr'><strong>nato</strong></span> <span class='ocrx_word' id='word_1_232' title='bbox 528 3541 807 3625; x_wconf 73' lang='lat' dir='ltr'><strong>succussionem</strong></span> <span class='ocrx_word' id='word_1_233' title='bbox 835 3537 918 3619; x_wconf 83' lang='lat' dir='ltr'><strong>exc&#39;</strong></span> <span class='ocrx_word' id='word_1_234' title='bbox 949 3538 979 3618; x_wconf 94' lang='lat' dir='ltr'><strong>it</strong></span> <span class='ocrx_word' id='word_1_235' title='bbox 1003 3539 1076 3620; x_wconf 75' lang='lat' dir='ltr'><strong>dcc.</strong></span> <span class='ocrx_word' id='word_1_236' title='bbox 1101 3538 1366 3639; x_wconf 83' lang='lat' dir='ltr'><strong>experimenta</strong></span> <span class='ocrx_word' id='word_1_237' title='bbox 1379 3539 1552 3621; x_wconf 88' lang='lat' dir='ltr'><strong>utilitatis</strong></span> <span class='ocrx_word' id='word_1_238' title='bbox 1569 3538 1647 3618; x_wconf 85' lang='lat' dir='ltr'><strong>etse</strong></span> <span class='ocrx_word' id='word_1_239' title='bbox 1661 3539 1740 3620; x_wconf 80' lang='lat' dir='ltr'><strong>vult</strong></span> 
     </span>
    </p>

    <p class='ocr_par' dir='ltr' id='par_1_9' title="bbox 350 3565 1835 3846">
     <span class='ocr_line' id='line_1_32' title="bbox 408 3565 1835 3746; baseline -0.007 -18"><span class='ocrx_word' id='word_1_240' title='bbox 408 3669 474 3746; x_wconf 81' lang='lat' dir='ltr'><strong>ea,</strong></span> <span class='ocrx_word' id='word_1_241' title='bbox 499 3667 591 3746; x_wconf 83' lang='lat' dir='ltr'><strong>ques</strong></span> <span class='ocrx_word' id='word_1_242' title='bbox 616 3643 853 3744; x_wconf 83' lang='lat' dir='ltr'><strong>potissimum</strong></span> <span class='ocrx_word' id='word_1_243' title='bbox 880 3565 947 3719; x_wconf 60' lang='lat' dir='ltr'><strong>ad</strong></span> <span class='ocrx_word' id='word_1_244' title='bbox 956 3641 1124 3725; x_wconf 90' lang='lat' dir='ltr'><strong>sanitatis</strong></span> <span class='ocrx_word' id='word_1_245' title='bbox 1139 3641 1481 3744; x_wconf 84' lang='lat' dir='ltr'><strong>recuperationem</strong></span> <span class='ocrx_word' id='word_1_246' title='bbox 1499 3639 1743 3722; x_wconf 88' lang='lat' dir='ltr'><strong>ordinantur.</strong></span> <span class='ocrx_word' id='word_1_247' title='bbox 1829 3711 1835 3718; x_wconf 91' lang='lat'>.</span> 
     </span>
     <span class='ocr_line' id='line_1_33' title="bbox 350 3739 1746 3846; baseline -0.006 -16"><span class='ocrx_word' id='word_1_248' title='bbox 350 3759 358 3776; x_wconf 90' lang='lat'>&#39;</span> <span class='ocrx_word' id='word_1_249' title='bbox 511 3750 735 3844; x_wconf 76' lang='lat' dir='ltr'><strong>Caeterum,</strong></span> <span class='ocrx_word' id='word_1_250' title='bbox 759 3739 869 3846; x_wconf 88' lang='lat' dir='ltr'><strong>quod</strong></span> <span class='ocrx_word' id='word_1_251' title='bbox 895 3740 1190 3825; x_wconf 87' lang='lat' dir='ltr'><strong>admirationem</strong></span> <span class='ocrx_word' id='word_1_252' title='bbox 1216 3742 1258 3820; x_wconf 90' lang='lat' dir='ltr'><strong>in</strong></span> <span class='ocrx_word' id='word_1_253' title='bbox 1283 3743 1430 3824; x_wconf 90' lang='lat' dir='ltr'><strong>virtute</strong></span> <span class='ocrx_word' id='word_1_254' title='bbox 1455 3739 1643 3822; x_wconf 75' lang='lat' dir='ltr'><strong>electi-ica</strong></span> <span class='ocrx_word' id='word_1_255' title='bbox 1669 3766 1746 3822; x_wconf 84' lang='lat' dir='ltr'><strong>me·</strong></span> 
     </span>
    </p>

    <p class='ocr_par' dir='ltr' id='par_1_10' title="bbox 409 3843 1864 4266">
     <span class='ocr_line' id='line_1_34' title="bbox 410 3843 1744 3950; baseline -0.001 -25"><span class='ocrx_word' id='word_1_256' title='bbox 410 3857 541 3948; x_wconf 80' lang='lat' dir='ltr'><strong>retur,</strong></span> <span class='ocrx_word' id='word_1_257' title='bbox 566 3847 623 3926; x_wconf 91' lang='lat' dir='ltr'><strong>est</strong></span> <span class='ocrx_word' id='word_1_258' title='bbox 658 3843 904 3928; x_wconf 88' lang='lat' dir='ltr'><strong>incredibilis</strong></span> <span class='ocrx_word' id='word_1_259' title='bbox 934 3843 1042 3926; x_wconf 84' lang='lat' dir='ltr'><strong>illius</strong></span> <span class='ocrx_word' id='word_1_260' title='bbox 1074 3845 1307 3949; x_wconf 75' lang='lat' dir='ltr'><strong>propagatio.</strong></span> <span class='ocrx_word' id='word_1_261' title='bbox 1374 3849 1488 3950; x_wconf 75' lang='lat' dir='ltr'><strong>Waisoii</strong></span> <span class='ocrx_word' id='word_1_262' title='bbox 1522 3843 1564 3923; x_wconf 89' lang='lat' dir='ltr'><strong>in</strong></span> <span class='ocrx_word' id='word_1_263' title='bbox 1598 3847 1744 3946; x_wconf 79' lang='lat' dir='ltr'><strong>Anglii</strong></span> 
     </span>
     <span class='ocr_line' id='line_1_35' title="bbox 409 3945 1746 4050; baseline -0.001 -23"><span class='ocrx_word' id='word_1_264' title='bbox 409 3947 597 4027; x_wconf 82' lang='lat' dir='ltr'><strong>virtutem</strong></span> <span class='ocrx_word' id='word_1_265' title='bbox 621 3947 721 4027; x_wconf 85' lang='lat' dir='ltr'><strong>hanc</strong></span> <span class='ocrx_word' id='word_1_266' title='bbox 752 3949 822 4028; x_wconf 87' lang='lat' dir='ltr'><strong>&#39;am</strong></span> <span class='ocrx_word' id='word_1_267' title='bbox 850 3945 898 4026; x_wconf 90' lang='lat' dir='ltr'><strong>ad</strong></span> <span class='ocrx_word' id='word_1_268' title='bbox 927 3959 1057 4049; x_wconf 72' lang='lat'>80003</span> <span class='ocrx_word' id='word_1_269' title='bbox 1080 3952 1157 4048; x_wconf 83' lang='lat' dir='ltr'><strong>jam</strong></span> <span class='ocrx_word' id='word_1_270' title='bbox 1190 3945 1238 4025; x_wconf 91' lang='lat' dir='ltr'><strong>ad</strong></span> <span class='ocrx_word' id='word_1_271' title='bbox 1269 3950 1520 4048; x_wconf 69' lang='lat' dir='ltr'><strong>10600‚jani</strong></span> <span class='ocrx_word' id='word_1_272' title='bbox 1548 3946 1595 4026; x_wconf 80' lang='lat' dir='ltr'><strong>od</strong></span> <span class='ocrx_word' id='word_1_273' title='bbox 1625 3953 1746 4050; x_wconf 81' lang='lat'><em>12276</em></span> 
     </span>
     <span class='ocr_line' id='line_1_36' title="bbox 410 3975 1746 4152; baseline 0.001 -26"><span class='ocrx_word' id='word_1_274' title='bbox 410 4047 534 4152; x_wconf 90' lang='lat' dir='ltr'><strong>pedes</strong></span> <span class='ocrx_word' id='word_1_275' title='bbox 558 4047 602 4126; x_wconf 94' lang='lat' dir='ltr'><strong>in</strong></span> <span class='ocrx_word' id='word_1_276' title='bbox 629 4049 711 4128; x_wconf 86' lang='lat' dir='ltr'><strong>filis</strong></span> <span class='ocrx_word' id='word_1_277' title='bbox 733 3975 874 4130; x_wconf 73' lang='lat' dir='ltr'><strong>derreis</strong></span> <span class='ocrx_word' id='word_1_278' title='bbox 897 4049 1150 4152; x_wconf 74' lang='lat' dir='ltr'><strong>propagavit,</strong></span> <span class='ocrx_word' id='word_1_279' title='bbox 1175 4047 1227 4128; x_wconf 88' lang='lat' dir='ltr'><strong>ita&#39;</strong></span> <span class='ocrx_word' id='word_1_280' title='bbox 1251 4064 1295 4130; x_wconf 84' lang='lat' dir='ltr'><strong>ut</strong></span> <span class='ocrx_word' id='word_1_281' title='bbox 1322 4045 1462 4130; x_wconf 91' lang='lat' dir='ltr'><strong>eodem</strong></span> <span class='ocrx_word' id='word_1_282' title='bbox 1485 4047 1650 4130; x_wconf 83' lang='lat' dir='ltr'><strong>instanti</strong></span> <span class='ocrx_word' id='word_1_283' title='bbox 1670 4051 1746 4130; x_wconf 78' lang='lat' dir='ltr'><strong>suc</strong></span> 
     </span>
     <span class='ocr_line' id='line_1_37' title="bbox 412 4149 1864 4266; baseline -0.003 -32"><span class='ocrx_word' id='word_1_284' title='bbox 412 4152 538 4258; x_wconf 72' lang='lat' dir='ltr'><strong>cellro</strong></span> <span class='ocrx_word' id='word_1_285' title='bbox 555 4151 830 4259; x_wconf 83' lang='lat' dir='ltr'><strong>perciperetur</strong></span> <span class='ocrx_word' id='word_1_286' title='bbox 847 4149 891 4237; x_wconf 90' lang='lat' dir='ltr'><strong>in</strong></span> <span class='ocrx_word' id='word_1_287' title='bbox 905 4151 1025 4232; x_wconf 86' lang='lat' dir='ltr'><strong>altera</strong></span> <span class='ocrx_word' id='word_1_288' title='bbox 1047 4167 1195 4234; x_wconf 76' lang='lat' dir='ltr'><strong>catenae</strong></span> <span class='ocrx_word' id='word_1_289' title='bbox 1213 4153 1480 4254; x_wconf 77' lang='lat' dir='ltr'><strong>extremitate,</strong></span> <span class='ocrx_word' id='word_1_290' title='bbox 1503 4177 1584 4256; x_wconf 89' lang='lat' dir='ltr'><strong>quo</strong></span> <span class='ocrx_word' id='word_1_291' title='bbox 1601 4152 1747 4266; x_wconf 75' lang='lat' dir='ltr'><strong>sphaera</strong></span> <span class='ocrx_word' id='word_1_292' title='bbox 1863 4241 1864 4246; x_wconf 8' lang='lat' dir='ltr'><strong>p</strong></span> 
     </span>
    </p>
   </div>
   <div class='ocr_carea' id='block_1_5' title="bbox 1644 4277 1701 4331">
    <p class='ocr_par' dir='ltr' id='par_1_11' title="bbox 1644 4277 1701 4331">
     <span class='ocr_line' id='line_1_38' title="bbox 1644 4277 1701 4331; baseline -0.018 0"><span class='ocrx_word' id='word_1_293' title='bbox 1644 4277 1701 4331; x_wconf 74' lang='lat' dir='ltr'><strong>Vl·</strong></span> 
     </span>
    </p>
   </div>
   <div class='ocr_carea' id='block_1_6' title="bbox 0 0 1920 4942">
    <p class='ocr_par' dir='ltr' id='par_1_12' title="bbox 0 0 1920 4942">
     <span class='ocr_line' id='line_1_39' title="bbox 0 0 1920 4942; baseline 0 0"><span class='ocrx_word' id='word_1_294' title='bbox 0 0 1920 4942; x_wconf 95' lang='lat' dir='ltr'><strong> </strong></span> 
     </span>
    </p>
   </div>
  </div>
 </body>
</html>
