3802 4942
307 451 563 554 Panum
600 461 1245 560 Dnvrnrrrattrerrtext
1382 479 1459 578 487

263 652 480 738 ville-Per
508 659 777 776 experimenta
811 653 976 758 Angliae
1010 665 1256 840 compIe'tmm
1289 653 1366 760 est,
1392 659 1534 738 arbo-¹

159 779 224 836 res
250 759 483 844 eleilrisatas
511 757 630 842 citius
654 763 831 841 llorere:
859 779 1007 865 myrtus
1035 761 1098 838 ele
1139 759 1251 840 risata
1274 759 1392 840 citius
1418 786 1509 861 pro-

156 863 319 963 pagines
345 862 563 964 evibravit,
589 889 704 966 quam
730 863 819 942 aliae
844 863 1003 942 arbores
1038 861 1213 962 ejusdem
1240 861 1415 963 speciei,
1442 879 1519 942 eo·'

162 961 252 1042 dem
274 968 361 1046 loco
378 965 595 1066 allervatae,
623 992 704 1046 non
730 981 859 1046 tamen
889 961 1130 1045 elettrisatae.
1181 965 1327 1046 Nuncu
1358 981 1414 1044 ata
1439 989 1506 1042 ro-

157 1065 198 1146 sa
224 1066 502 1168 Jerichuntina
537 1067 579 1148 vi
606 1067 901 1152 elestrisationis
927 1089 1063 1152 remor
1079 1065 1166 1146 suos
1193 991 1382 1150 distendit
1407 1067 1479 1148 &c

420 1247 686 1385 Ex'perimenta
702 1271 817 1366 Locis
826 1269 890 1386 seu
907 1267 1253 1386 Phosphorescentiae.

158 1471 549 1650 §.smLBAcillus
571 1468 727 1553 ferreus
752 1473 787 1554 F
811 1474 859 1554 ad
883 1473 1001 1564 unius
1025 1472 1233 1556 alteriusve
1260 1469 1419 1573 pollicis
1434 1467 1505 1548 gi,
1521 1485 1605 1558 Lux
1620 1473 1683 1554 ela*

190 1633 192 1638 -
420 1577 597 1658 stantiam
629 1602 650 1652 a
678 1576 797 1674 globo
824 1578 953 1660 vitreo
975 1584 1017 1662 A
1044 1595 1237 1678 remotus,
1264 1577 1307 1652 in
1333 1577 1503 1665 obscuro
1520 1591 1626 1658 urica.

139 1734 144 1743 ,
160 1700 187 1775 p
248 1676 380 1758 sertim
401 1675 672 1760 locovidetur
689 1675 873 1761 scintillas
882 1705 1037 1788 quaqua
1054 1679 1268 1780 ejaculari,
1293 1702 1386 1779 quae
1404 1676 1506 1758 scin·
1525 1683 1683 1768 LXXIV.

158 1795 175 1855 t
207 1778 259 1858 lae
278 1806 366 1862 cum
383 1785 475 1862 flatu
494 1777 660 1859 ‹uodam
681 1781 794 1864 tenui
812 1784 891 1866 sem
922 1807 969 1862 er
986 1781 1217 1884 conjunttae
1234 1782 1336 1861 sunt
1456 1801 1457 1804 ‘
1522 1789 1584 1892 Fig-
1607 1807 1658 1870 12·

76 1965 80 1968 .
197 1907 200 1912 ·
261 1886 313 1962 ΙΙ.
340 1883 463 1990 Quod
490 1808 519 1960 li
545 1883 662 1960 homo
686 1882 799 1986 supra
826 1813 1034 1966 scaliellum
1071 1883 1213 1985 politus
1244 1881 1509 1984 elettrisetur,
1566 1905 1570 1917 ·

159 1978 379 2066 dummodo
400 1986 505 2064 liber
531 1983 599 2085 sn,
627 1985 664 2064 dc
689 1985 732 2066 in
751 1989 902 2069 nullum
921 1983 1028 2066 aliud
1049 1985 1228 2068 vicinum
1248 2011 1390 2087 corpus
1403 2013 1504 2088 ‘quof
1659 2063 1662 2071 ,

159 2107 318 2191 cunque
344 2087 465 2168 modo
492 2085 701 2188 impingat,
724 2111 966 2192 ‘quacunque
1001 2087 1178 2192 corpori}
1202 2101 1310 2186 parte
1337 2090 1383 2166 ab
1411 2089 1504 2166 alte-

157 2211 205 2265 ro
233 2216 316 2270 non
344 2189 560 2270 eletlrisato
587 2190 821 2292 attingatur,
848 2191 1053 2272 scintillam
1087 2189 1255 2291 emittet,
1283 2213 1374 2270 cum
1403 2211 1503 2292 quo·
1533 2267 1535 2271 .

163 2285 251 2370 dam
277 2293 441 2392 strepitu
466 2293 504 2369 δι
533 2288 679 2372 doloris
707 2295 848 2396 sensu3
882 2293 1223 2395 imovquandoque
1249 2292 1291 2370 in
1318 2290 1513 2392 posterio·

156 2389 194 2472 ri
212 2393 452 2474 extremitate
466 2395 507 2472 G
526 2391 657 2474 bacilli
683 2393 805 2496 ferrei
829 2400 861 2476 F
892 2397 1045 2478 flamma
1064 2391 1111 2476 ad
1135 2393 1257 2474 trium
1281 2395 1503 2499 &quatuor
1520 2397 1586 2501 urg.
1609 2393 1697 2474 aad...

159 2493 372 2596 digitorum
390 2489 679 2594 longitudinem
700 2497 880 2598 erumpit.

259 2602 332 2678 III.
366 2603 529 2681 Paretur
562 2597 717 2676 lamella
749 2595 992 2680 stellisormis
1018 2613 1041 2690 8
1077 2597 1307 2700 cuspidum,
1333 2599 1500 2704 haecque

152 2699 262 2781 inter
289 2697 370 2784 duo
395 2699 523 2780 fulcra
540 2699 657 2777 ,circa
691 2719 799 2778 axem
839 2701 1026 2780 collocata
1065 2697 1265 2780 benelicio
1302 2697 1498 2782 manubrii

155 2804 475 2903 circumagatur3
510 2799 581 2878 ubi
609 2795 745 2879 eadem
773 2802 883 2878 stella
908 2800 951 2880 in
977 2801 1124 2878 vicinia
1151 2801 1259 2900 globi
1284 2801 1406 2881 vitrei
1433 2830 1504 2904 pa-v

159 2906 258 2985 riter
284 2902 497 2985 etettrisata
522 2901 666 3003 fuerit,
690 2900 957 2984 videbiturex
973 2899 1371 3002 finguliscuspidibus
1389 2908 1495 2986 llam*¹

154 3033 218 3087 ma-
260 3003 467 3104 evibrari,
520 3003 556 3082 &
592 3004 885 3086 circumrotatur
930 3029 1065 3090 omnes
1092 3003 1275 3112 cuspides
1300 3005 1505 3092 circulum-

159 3105 335 3190 lucidum
360 3105 714 3210 repraesentabunt.

270 3215 334 3296 IV
339 3269 348 3290 .
392 3213 593 3311 Flamma,
627 3231 718 3312 quae
752 3229 825 3300 ex,
834 3207 945 3290 ferro
972 3208 1191 3292 electrisato
1219 3208 1411 3312 erumpit,
1437 3237 1498 3292 ar-

152 3314 287 3418 gentei
315 3311 495 3394 candoris
522 3311 579 3389 est
607 3309 853 3394 :subviridis
888 3312 979 3414 illa,
1002 3338 1093 3416 quae
1121 3339 1169 3393 ex
1197 3337 1280 3396 aere
1310 3314 1495 3402 elicitur:
1531 3346 1534 3366 =
1673 3408 1676 3417 Ι

154 3437 247 3522 quae
274 3441 322 3493 ex
349 3439 425 3494 ovo
460 3415 661 3513 subflavag
699 3415 853 3494 flamma
887 3413 1031 3522 quippe
1067 3411 1249 3498 elestrica
1283 3435 1501 3512 erumpens

151 3513 314 3614 videtur
344 3533 500 3621 partes,
534 3514 695 3614 corpori
730 3511 951 3600 eletlrisato
985 3518 1191 3621 propriae,
1217 3519 1351 3598 secum
1377 3517 1506 3603 abdu-¹

155 3639 263 3706 cere.
737 3649 742 3659 ·
893 3673 898 3680 -
1242 3665 1244 3670 .
1350 3693 1352 3700 ,

254 3723 308 3804 V.
349 3718 469 3829 Quod
495 3719 525 3800 fi
550 3715 598 3799 ad
631 3715 812 3818 spiritum
838 3719 923 3800 vini
948 3723 1274 3822 camphoratum,
1297 3715 1409 3820 prius
1433 3721 1509 3794 ac·'

152 3821 333 3923 censum,
354 3843 439 3904 tum
465 3847 564 3904 vero
590 3819 800 3920 repentino
828 3825 923 3908 flatu
953 3821 1191 3926 extinctum,
1216 3819 1344 3902 subito
1362 3816 1492 3900 admo·

149 3926 239 4006 veri
266 3925 381 4005 facias
405 3925 571 4026 digitum
595 3923 762 4004 hominis
788 3921 1018 4024 eletlrisati,
1043 3925 1255 4025 erumpens
1279 3947 1328 4010 ex
1344 3922 1415 4004 illo
1433 3919 1491 3999 di·
1533 3935 1536 3942 ’

151 4027 234 4130 gito
263 4031 414 4106 flamma
439 4025 620 4106 elettrica
653 4027 831 4126 spiritum
866 4025 965 4106 vini
986 4027 1118 4114 rursus
1151 4024 1350 4110 accendet.
1417 4031 1491 4111 Ea-

151 4129 243 4208 dem
268 4128 419 4210 ratione
454 4126 733 4210 reaccenditur
766 4129 947 4210 calefacta
973 4127 1068 4232 pix,
1095 4131 1132 4214 dr
1164 4130 1300 4234 pulvis·
1327 4157 1352 4230 p
1380 4129 1490 4229 rius„

147 4231 358 4334 camphora
373 4232 597 4335 permixtus.
647 4233 736 4314 Imo
755 4229 783 4312 fi
802 4234 921 4316 homo
940 4230 1174 4316 eletirisatus
1189 4259 1308 4316 manu
1323 4153 1494 4437 giacit’ern

1297 4349 1412 4418 tenea
