3878 4958
292 457 1330 604 erraneamxrzuanrmeeeom.eurr.
1415 517 1491 602 107

301 696 397 782 Aria
422 685 544 776 fluida
572 707 741 787 corpora
763 677 1000 764 attrasiionis
1024 677 1258 784 beneficio,
1299 680 1347 765 dr
1371 683 1541 782 panium

199 791 554 900 configurationis,
588 787 846 888 coagulantur
861 783 903 866 in
924 807 1069 882 corpus
1093 783 1293 868 solidum:
1330 783 1542 868 misceatur

203 903 470 1004 subtiliffimus
489 893 623 980 urinae
650 889 805 991 spiritus
829 911 920 972 cum
947 885 1146 968 Alcohole
1170 886 1286 990 vini,
1321 884 1433 970 illico
1450 888 1541 968 here

201 1003 428 1098 commixtio
467 999 510 1076 in
533 991 680 1074 massam
713 988 885 1092 duram,
927 986 1068 1103 glaciei
1101 987 1364 1090 simillimam,
1407 987 1570 1072 abinio-

199 1113 313 1198 Idem
336 1103 422 1184 vini
449 1097 602 1180 alcohol
629 1106 719 1172 cum
747 1093 814 1176 ovi
845 1093 1079 1190 albumme,
1123 1106 1187 1172 aut
1220 1093 1310 1172 sero
1344 1090 1545 1196 sanguinis

201 1207 471 1304 commistum,
498 1195 706 1298 coagulum
730 1193 927 1296 producit.
984 1191 1152 1291 Spiritus
1175 1193 1261 1272 salis
1284 1194 1546 1302 ammoniaci,

200 1307 464 1400 solutionibus
481 1297 727 1382 metallorum
742 1296 785 1378 in
786 1295 912 1399 jesbus
928 1345 943 1400 2
973 1293 1199 1402 praecipitat
1212 1295 1255 1381 in
1272 1290 1444 1382 fundum
1463 1319 1544 1380 me·
1594 1353 1610 1386 ,-

197 1416 347 1500 tallicas
362 1405 577 1512 particulas.

297 1517 431 1616 Itaque
446 1533 527 1590 non
541 1497 738 1586 immerito
754 1497 792 1577 dr
806 1503 1011 1602 crystallinam
1032 1493 1069 1578 δε
1093 1503 1262 1607 coagulatio
1287 1497 1337 1580 ab
1361 1505 1543 1586 attrabunt

204 1639 418 1722 corporum
436 1606 665 1710 dependere
682 1599 930 1700 intelligitur.
957 1696 966 1713 ·
1051 1697 1060 1714 ·

299 1719 366 1800 Ab
383 1717 457 1793 hac
475 1709 612 1790 eadem
630 1703 670 1786 vi
689 1711 853 1818 congelatio
868 1703 985 1780 trahrt
1000 1696 1215 1808 orrginem3
1250 1701 1408 1788 Etenim
1426 1705 1542 1807 parti·

197 1821 306 1902 culae
349 1813 507 1898 uaedam
525 1807 789 1912 srigoriserae‚
813 1829 855 1884 sn
875 1802 1042 1888 fluidum
1060 1801 1314 1905 subingreffae
1327 1809 1543 1910 utquibur-

199 1921 287 2002 dam
314 1845 473 2024 ddecet,
510 1928 575 1998 aut
595 1913 718 2010 major
737 1901 1035 2022 approrimatio,
1057 1903 1259 2020 maximam
1277 1909 1356 1988 vim
1374 1909 1543 2017 habent,

198 2019 338 2106 fluidas
362 2037 488 2120 partes
510 2015 557 2097 ad
578 2017 663 2096 suas
689 2011 923 2118 superficies
950 2003 1194 2106 attrahendi,
1226 2005 1359 2098 donec
1384 2009 1542 2094 tandem

197 2138 323 2210 totum
341 2119 510 2208 fluidum
524 2117 565 2212 in
585 2111 768 2198 duritiem
789 2111 920 2212 abeat,
949 2121 994 2188 ut
1010 2105 1115 2186 infra
1133 2103 1259 2188 dicanr
1277 2113 1329 2214 (l.
1349 2118 1457 2216 523.)

300 2228 375 2304 IV.
404 2221 534 2300 Globo
552 2239 671 2296 cereo
687 2227 834 2296 tantum
850 2209 1003 2314 plumbi
1022 2207 1278 2312 intrudatur,
1310 2229 1354 2296 ut
1369 2215 1438 2296 fiat
1458 2215 1545 2316 spe·

198 2325 324 2408 cifice
343 2321 540 2424 paulisper
559 2315 719 2418 gravior
735 2339 852 2418 aqua:
880 2327 945 2394 aut
962 2336 1040 2394 ovo
1059 2329 1248 2396 evacuato
1263 2329 1414 2399 tanturn
1426 2339 1541 2422 aquae

199 2423 457 2523 infundatur,
476 2437 521 2508 ut
537 2415 671 2502 itidem
690 2415 758 2495 fiat
773 2413 970 2518 paulisper
984 2413 1140 2514 gravius
1153 2441 1262 2518 aqun
1304 2417 1383 2498 Hic
1398 2439 1543 2521 parvus

250 2521 400 2609 avitatis
417 2519 589 2606 excessus
605 2519 895 2620 cognoscetur,
925 2515 1110 2617 figlobus
1128 2540 1268 2602 cereus
1333 2533 1399 2604 aut
1418 2545 1542 2605 ovum

242 2645 311 2710 nte
336 2627 378 2707 i!
405 2653 425 2706 a
451 2649 538 2710 uam
565 2621 841 2708 consistentem
869 2619 1029 2698 immissa
1052 2619 1230 2722 suerint,
1268 2573 1539 2704 durumne

195 2732 336 2815 versus
351 2654 521 2811 fundum
540 2720 824 2840 descenderint
841 2747 855 2822 3
873 2721 920 2838 ‘sr
948 2719 1081 2823 itaque
1106 2721 1269 2822 globum
1298 2720 1541 2822 ejuscemodi

198 2831 409 2918 cautillima
433 2853 552 2908 manu
577 2851 620 2904 m
648 2850 784 2927 aquam
839 2825 1081 2902 urescentem
1110 2824 1278 2923 superne
1312 2822 1542 2924 immiseris,

196 2961 251 3024 ne
270 2928 692 3038 aquainterturbetur,
719 2853 876 3002 videdis
891 2922 1029 3019 illum,
1061 2937 1152 3006 utut
1166 2922 1406 3026 aliquantum
1427 2947 1543 3004 exce·

200 3043 265 3120 dat
282 3059 420 3139 aquam
439 3025 648 3142 gravitate,
677 3051 697 3100 a
725 3047 791 3138 uae
807 3039 934 3105 tamen
954 3021 1122 3136 superne
1139 3023 1341 3127 innatare,
1373 3025 1425 3104 ob
1443 3025 1543 3108 aeris

199 3163 341 3240 nempe
368 3131 579 3234 adjacentis
604 3139 699 3206 attra
740 3149 884 3204 ionem.
934 3127 1000 3200 Src
1016 3139 1345 3212 commemoratur
1364 3127 1543 3230 aliquan·-

200 3238 417 3421 dossatlum
433 3229 577 3334 saise,
608 3241 654 3311 ut
675 3249 768 3310 acus
791 3222 1091 3310 horizontaliter
1116 3227 1158 3310 in
1184 3253 1298 3334 aquae
1323 3229 1541 3335 superficie

268 3359 318 3422 rra
359 3347 567 3420 rnnataret

197 3371 249 3513 -po
299 3394 400 3524 It’ern
418 3437 445 3516 fi
463 3437 603 3540 globus
618 3427 689 3510 ille
707 3429 773 3544 vel
792 3453 913 3513 ovum
929 3433 970 3511 A
987 3433 1116 3534 usque
1135 3427 1182 3509 ad
1202 3427 1373 3516 luridum
1391 3435 1422 3514 B
1439 3433 1539 3514 vasrs
1559 3441 1635 3521 rab.
1654 3444 1683 3522 1.

200 3545 316 3652 aquei
333 3542 445 3622 etiam
466 3533 685 3632 deciderit3
718 3545 864 3614 vitrum
880 3545 1007 3614 autem
1028 3539 1061 3618 C
1077 3533 1278 3618 inversum
1296 3585 1312 3634 ‚
1343 3559 1424 3616 una
1447 3559 1538 3616 cum
1555 3547 1618 3650 leg.
1635 3540 1684 3624 ιε.

200 3659 389 3732 contento
408 3664 530 3740 aere,
560 3636 686 3738 usque
706 3655 753 3711 eo
771 3631 1031 3737 detrudatur,
1059 3647 1105 3718 ut
1122 3632 1309 3718 infundo
1331 3634 1432 3716 vafis
1455 3636 1541 3737 glo-

77 3769 86 3780 '
201 3755 297 3834 bum
311 3749 427 3827 illum
445 3744 511 3826 sua
524 3739 569 3818 in
589 3749 772 3837 apertura
790 3733 877 3812 exci
906 3735 975 3813 iat:
999 3733 1155 3816 videbis
1171 3735 1213 3816 in
1229 3732 1466 3820 retractione
1480 3737 1540 3820 vi·

200 3857 253 3938 tri
273 3857 306 3935 C
326 3848 487 3952 globum
503 3847 546 3924 A
566 3837 678 3942 sequi
696 3836 859 3938 usqnea
905 3837 1111 3951 supernam
1126 3861 1240 3938 ἕψω
1264 3839 1540 3947 superficiem²

200 3977 342 4055 nempe
359 3951 411 4029 ob
429 3945 679 4026 attrahentem
697 3962 825 4016 aerem
844 3990 859 4038 ,
895 3963 964 4051 qua
983 3937 1221 4040 ejuscemodi
1240 3964 1441 4047 0019012’
1473 3945 1540 4024 ali,

61 4093 64 4098 ·
200 4073 388 4166 quantum
410 4045 612 4152 graviora,
636 4037 787 4122 leviora
803 4037 945 4118 reddre.

301 4163 354 4240 V.
388 4157 436 4232 ln
464 4169 653 4228 cameram
678 4155 794 4220 totam
822 4137 1064 4222 obscuratam
1087 4134 1342 4226 immittantur
1361 4141 1461 4226 radii
1481 4141 1540 4228 so
1561 4157 1640 4237 Yal.
1665 4163 1692 4243 1,

198 4259 388 4365 loen,
413 4251 558 4360 (1314,
581 4246 652 4355 qui
680 4235 896 4430 direiliopJe
911 4239 1028 4432 peda
1050 4241 1231 4333 serentur
1252 4245 1297 4338 iu
1314 4251 1374 4358 N²
1399 4257 1434 4332 0
1436 4303 1491 4438 ὦ
1487 4249 1540 4356 p²
1557 4263 1622 4366 ἦ·
1643 4283 1700 4356 τρὶ
