3878 4958
278 485 1367 590 Paaaaerrolllll..DaCorrononQuarta-arr.
1421 507 1493 602 ης

189 683 252 767 ld
271 683 329 766 eil
346 685 456 786 3600.
474 678 668 782 debilius,
692 699 809 784 quam
828 697 954 782 prope
966 677 1219 781 superficiem
1239 687 1272 766 c
1292 686 1343 786 (l.
1370 707 1450 783 131·
1470 685 1546 790 rag·

206 789 280 889 ΙΙ.)
329 793 428 868 Nam
445 785 508 866 60.
535 797 581 884 ><
605 789 655 864 60
679 809 733 868 :z
759 783 878 884 3600:
903 781 1025 885 igitur
1048 781 1546 884 spatiumalunatempore

204 889 351 969 minuti
369 885 534 968 secundi
553 886 791 988 descriptum.
806 885 882 965 erit
899 889 998 988 3600
1015 909 1101 988 pars
1110 886 1254 986 pedum
1276 899 1399 991 15,¹,3
1428 887 1548 970 adeon

203 1013 284 1096 que
309 1015 396 1072 cum
422 1012 473 1069 ex
495 1004 671 1070 motuum
697 988 894 1070 lunarium
919 987 1071 1068 theoria
1093 1003 1240 1067 tantum
1261 987 1542 1092 propedepre·

198 1092 398 1174 hendatur
421 1091 497 1172 elie
514 1091 733 1192 hujusmodi
752 1091 953 1194 spacium,
984 1091 1087 1170 bene
1112 1090 1314 1174 insertur:
1349 1091 1539 1175 virtutem

203 1193 466 1298 attractionis,
490 1195 558 1276 seu
573 1206 743 1301 pavitare
767 1192 1027 1296 decrescere,
1058 1207 1105 1272 ut
1136 1194 1275 1274 crescit
1304 1192 1538 1298 quadratum

198 1295 419 1394 dillantiae3
445 1299 496 1379 ita
510 1311 554 1378 ut
570 1299 655 1397 post
671 1313 824 1396 tempus
846 1293 1238 1400 39343.·minutorum
1263 1296 1370 1377 lunae
1395 1297 1540 1378 orbitae

200 1399 285 1478 suae
299 1400 385 1480 DE
403 1403 563 1496 ,cursum
585 1399 765 1480 absolvat.
818 1397 896 1479 Ubi
914 1413 1042 1476 tamen
1055 1396 1347 1480 observandum
1358 1397 1413 1476 est
1422 1421 1434 1476 r
1455 1399 1537 1498 span

199 1499 401 1579 cilum'GB
425 1532 478 1588 :
502 1506 592 1602 lH,
616 1501 727 1606 quod
748 1523 832 1580 uno
849 1500 1004 1580 minuto
1024 1499 1198 1579 secundo
1216 1493 1535 1600 perpendiculari

204 1602 311 1702 lapsu
326 1602 619 1701 absolveretur,
645 1603 687 1681 in
702 1602 887 1683 circulari
909 1615 1016 1681 motu
1034 1602 1142 1682 lunae
1156 1605 1264 1682 EBD
1283 1600 1452 1701 spacium
1462 1605 1536 1686 ΒΗ

194 1701 418 1810 postulare,
444 1709 495 1790 ob
513 1703 761 1785 accedentem
770 1701 852 1783 vim
862 1700 1119 1802 centrisugam
1137 1706 1196 1781 Bl
1214 1706 1265 1804 (b.
1287 1708 1383 1802 126).

297 1806 327 1906 §-
354 1831 438 1909 134
472 1805 814 1914 Quemadmodum
839 1819 939 1886 vero
963 1807 1056 1884 luna
1081 1803 1267 1903 gravitate
1294 1805 1395 1906 sua,
1425 1801 1536 1882 ita&

195 1905 367 2004 planetae
392 1923 531 1990 omnes
556 1909 700 2014 reliqui
726 1905 770 1988 vi
792 1920 960 2010 grevenus
978 1901 1021 1982 in
1044 1905 1121 1988 suis
1136 1906 1274 1984 orbitis
1289 1907 1533 2004 retinentur;

197 2005 579 2106 &quemadmodum
598 2013 727 2090 omnia
739 2008 941 2088 terrestria
959 2032 1122 2107 corpora
1138 2031 1217 2088 una
1234 2029 1320 2088 cum
1333 2010 1429 2087 luna
1446 2030 1532 2106 grae

191 2109 322 2187 vitant
340 2112 382 2189 in
398 2131 542 2193 terram
561 2169 575 2214 ,
609 2115 659 2192 ita
674 2113 846 2192 Planetae
861 2109 1033 2210 primarii
1052 2107 1186 2186 eadem
1198 2124 1367 2217 gravium
1385 2110 1426 2190 vi
1448 2121 1533 2188 ten·

196 2207 300 2286 dum
316 2213 360 2290 in
377 2215 519 2315 solem,
544 2212 765 2298 secundarii
782 2212 825 2290 in
846 2213 933 2292 suos
950 2207 1156 2310 primarios
1173 2238 1182 2286 a
1219 2209 1533 2311 circumjovialee

192 2329 339 2407 nempe
354 2313 399 2392 in
418 2321 589 2414 Jovem:
622 2313 777 2396 Saturni
802 2315 981 2395 satellites
995 2315 1037 2396 in
1053 2319 1261 2398 Saturnum
1279 2315 1350 2396 &c
1376 2309 1426 2390 de
1444 2309 1534 2418 qui-

194 2411 275 2493 ¹bus
288 2415 452 2496 uberius
463 2417 505 2496 in
522 2416 780 2502 Astronomia.
1446 2453 1447 2458 Ν

295 2515 325 2626 p.
347 2538 430 2620 135.
455 2521 572 2601 Libet
590 2519 746 2601 Inventi
763 2519 1127 2620 hujus-Neutoniani
1147 2520 1367 2622 originem,
1390 2537 1532 2617 nempe
1545 2515 1680 2613 Heloria
1731 2515 1736 2538 ⁸

195 2622 392 2732 graultatis
417 2621 600 2724 expolitae
621 2621 820 2703 historiam
838 2675 852 2722 ,
886 2649 1002 2726 quam
1020 2623 1164 2706 Clariis.
1186 2633 1319 2703 Voltalre
1337 2651 1357 2701 a
1375 2618 1532 2700 familia·
1540 2627 1685 2724 gravae·

192 2718 308 2794 ribus
324 2731 455 2800 Naurum·
472 2725 721 2805 srnceriffime
740 2723 942 2828 hauserat,
976 2749 1178 2828 exponere
1204 2727 1320 2824 paulo
1343 2721 1509 2804 uberius
1518 2745 1532 2798 a
1545 2733 1596 2799 tls.

195 2825 318 2901 Anno
350 2826 457 2902 1666.
484 2837 641 2902 Nmronus
669 2823 818 2916 animi,
852 2843 971 2922 quern
995 2827 1150 2906 summis
1176 2841 1365 2925 perpetuo
1392 2815 1530 2900 studiis

193 2925 430 3024 exercebat,
462 2924 687 3006 remittendi
713 2923 823 3003 causa
850 2923 954 3005 solus
968 2927 1107 3026 ,secum
1134 2926 1218 3004 ruri
1241 2948 1391 3026 agens,
1424 2918 1528 3002 vidit

191 3020 404 3124 aliquando
421 3025 574 3106 fruitus
592 3051 639 3104 ex
660 3023 863 3106 arboribus
879 3023 921 3106 in
936 3041 1078 3106 terram
1097 3023 1251 3130 delabi3
1277 3026 1438 3107 obvium
1452 3023 1528 3102 hoc

193 3124 483 3223 phaenomenon
499 3125 608 3207 illico
625 3127 753 3207 extitit
767 3127 915 3208 summo
941 3127 1103 3229 ingenio
1128 3127 1340 3232 profundae
1365 3123 1525 3228 inquifi·

145 3307 165 3336 ‚
189 3225 310 3306 tionis
327 3244 611 3328 argumentum.
662 3230 726 3309 Sic
744 3225 812 3304 ille
831 3227 962 3311 secum
980 3233 1219 3313 ratiocinari:
1246 3253 1423 3338 quaenam
1435 3253 1524 3310 cau·

192 3327 230 3404 sa
246 3326 314 3408 illa
332 3331 406 3408 elle
425 3330 586 3430 debeat,
610 3355 700 3431 quae
720 3347 802 3418 tam,
814 3333 1035 3414 constanter
1054 3335 1186 3416 omnia
1201 3357 1371 3436 quaetue
1386 3356 1524 3434 corpo·

194 3453 236 3506 ra
256 3430 362 3514 linea
377 3433 482 3514 reita
498 3430 631 3512 versus
648 3439 791 3548 Terrae
810 3449 986 3516 centrum
1004 3453 1172 3537 urgeat,
1205 3421 1272 3536 da,
1292 3361 1319 3511 d
1339 3429 1525 3544 perflobsr-

192 3533 338 3616 {lentes
359 3535 497 3612 liceret
523 3531 685 3635 obices,
719 3547 832 3612 etlam
853 3533 957 3614 circa
983 3537 1150 3617 hiantem
1169 3533 1274 3616 illam
1293 3552 1520 3630 voraginem

192 3637 436 3718 collocaret?
470 3633 650 3737 nunquid
671 3635 730 3716 vis
753 3633 820 3711 illa
841 3635 1045 3718 recondita
1071 3637 1195 3743 repeti
1211 3633 1361 3718 sortasse
1381 3629 1522 3732 poterit

193 3741 240 3817 ab
258 3735 496 3840 imaginariis
511 3735 831 3819 illisCartesranis
845 3741 1080 3838 vorticibus,
1107 3753 1235 3841 aperta
1253 3734 1412 3814 salfitate
1428 3758 1522 3815 con·

186 3841 366 3922 vestitis?
392 3845 443 3944 (i.
462 3865 546 3933 140.
561 3837 608 3918 ad
624 3843 676 3942 Ι.)
738 3837 833 3938 Agit
850 3841 1144 3921 constantissima
1161 3841 1227 3919 illa
1241 3839 1300 3918 vis
1317 3834 1357 3918 in
1381 3860 1521 3936 corpo*

191 3971 235 4024 ra
261 3969 344 4024 non
367 3939 578 4023 secundum
603 3963 742 4022 eorum
764 3939 1043 4041 superficiem,
1078 3941 1144 4020 sed
1165 3939 1376 4022 secundum
1394 3939 1522 4020 malsae

192 4047 485 4150 proportionem
507 4045 558 4148 (i.
577 4066 657 4142 13¹·
676 4048 750 4146 Lege
765 4041 823 4142 Ι.)
870 4043 966 4142 Agit
983 4045 1050 4123 illa
1068 4047 1108 4123 in
1132 4043 1283 4129 srustus
1308 4037 1518 4140 deciduos,

190 4151 260 4230 seu
276 4173 325 4226 ex
340 4145 463 4248 mille,
477 4149 545 4226 seu
563 4141 694 4223 decies
708 4139 969 4258 mille&ultra
985 4149 1219 4248 perticarum
1234 4141 1436 4230 altitudine
1448 4142 1517 4222 de·

185 4253 431 4337 laberentur,
480 4254 549 4334 An
576 4269 660 4332 noo
685 4243 835 4332 vasula
861 4245 1048 4333 mirabilis
1072 4250 1312 4340 dominatum
1332 4249 1447 4329 suum
1470 4248 1518 4329 in

239 4373 245 4380 ·
1386 4375 1469 4435 eos·
