3900 4956
295 545 532 624 Pamnncrro
542 535 736 616 VHLDn
745 535 906 630 Satrio,
920 531 1031 611 Loco
1041 557 1095 612 nr
1106 538 1321 617 Teneone.
1407 551 1473 652 nr

188 737 297 808 tenet
314 739 464 823 partem
494 719 732 800 immobilem
756 715 863 819 spatii
891 718 1134 800 universalis.
1189 721 1310 823 Quod
1338 721 1366 800 sr
1390 726 1525 804 rursus

187 823 276 932 quis
295 841 444 907 tantum
463 821 623 921 prorsus
648 820 812 922 spatium
834 820 1066 902 ambulando
1092 824 1134 902 in
1157 821 1258 902 navi'
1275 822 1528 905 occidentem

186 929 323 1011 versus
342 925 587 1024 conficeret,
612 938 801 1025 quantum
819 921 930 1002 navis
953 923 1115 1004 absolvit
1139 923 1327 1026 proveita
1339 925 1377 1004 in
1399 927 1529 1008 orien-

186 1049 294 1127 tem,
323 1030 389 1108 ille
408 1041 577 1104 mutaret
592 1025 724 1104 locum
741 1022 1034 1125 respeitivum,
1053 1026 1226 1106 servaret
1245 1045 1374 1107 autern
1395 1029 1530 1110 locum
1641 1065 1643 1070 ·
1674 1057 1676 1064 J

191 1131 365 1215 eundem
383 1127 615 1210 absolutum.

288 1239 325 1331 §.
344 1251 408 1330 72.
437 1230 496 1308 Ex
515 1237 587 1308 locis
602 1253 738 1310 rerum
753 1236 893 1308 relativis
922 1230 1088 1310 maxime
1112 1231 1262 1310 Divina
1281 1228 1531 1329 Sapientia&

188 1332 442 1416 Providentia
468 1335 651 1414 humanae
672 1329 795 1410 menti
830 1328 948 1411 debet
973 1331 1199 1432 patescere,
1228 1332 1321 1412 dum
1353 1335 1530 1416 confide-

189 1449 277 1536 rat,
302 1431 753 1536 ordinatiffimistegibus
778 1431 917 1514 cavisse
941 1437 1105 1532 Deum,
1132 1450 1177 1512 ut
1193 1436 1386 1512 elementa
1404 1434 1529 1514 levio-

189 1561 233 1615 ra
248 1533 492 1638 gravioribus
514 1535 935 1638 superincumberent3
965 1541 1047 1615 Cor
1061 1535 1276 1632 posuill'ein
1296 1535 1428 1614 medio
1448 1537 1529 1616 ani-

192 1637 377 1738 malium,
405 1661 456 1716 ex
473 1661 554 1740 quo
576 1637 713 1716 vitales
731 1635 883 1735 spiritus
903 1637 944 1717 in
964 1657 1101 1716 omnes
1131 1660 1252 1751 aeque
1279 1657 1408 1742 partes
1436 1661 1529 1740 pro-

190 1740 436 1840 pellerentur
462 1767 471 1818 :
501 1737 638 1817 dentes
665 1740 703 1817 tr
722 1735 872 1816 salivam
901 1737 941 1816 in
966 1761 1068 1839 ore,
1096 1743 1265 1818 utcrbos
1288 1762 1361 1842 pro
1381 1741 1531 1820 ventri-

189 1839 271 1930 culi
298 1840 531 1942 receptione
558 1853 827 1940 praepararent
851 1867 871 1918 ι·
900 1837 1143 1922 admirabiles
1173 1841 1348 1942 denique
1388 1841 1531 1920 animr-

190 1937 283 2018 lium
304 1944 605 2044 plantarumque
622 1939 858 2039 ttrutturas,
887 1963 936 2018 eo
959 1938 1098 2019 ordine
1123 1943 1252 2022 &litu
1271 1959 1529 2046 comparatas,

189 2057 234 2121 ut
253 2041 301 2122 ad
324 2039 664 2124 conservationem
680 2039 761 2142 sui,
782 2057 901 2146 atque
920 2041 1035 2123 etiam
1059 2043 1106 2122 ad
1122 2041 1443 2146 propagationem
1458 2045 1532 2124 mi-

190 2145 306 2225 rilico
329 2146 568 2225 conducant.

294 2249 328 2347 i.
345 2267 410 2347 73.
439 2237 662 2322 scholastici
688 2254 768 2320 tres
788 2242 1022 2341 potiffimum
1044 2245 1183 2326 modos
1214 2247 1408 2349 afferunt,
1439 2249 1526 2352 qui·

192 2357 269 2434 bus
285 2371 350 2424 res
369 2345 537 2424 existere
555 2341 596 2420 in
621 2341 712 2418 loco
733 2343 909 2445 dicitur,
937 2371 1106 2446 nempe:
1133 2351 1401 2456 circumscriptior,
1417 2353 1525 2452 dafini-

194 2467 278 2543 tiot,
295 2448 332 2526 δι
341 2449 624 2548 sacramentaliter.
679 2453 945 2553 circumscriptior
973 2448 1013 2528 in
1032 2450 1124 2528 loco
1151 2451 1206 2530 est
1229 2451 1291 2531 illa
1311 2473 1401 2550 ret,
1432 2473 1526 2554 quae

194 2557 267 2634 hac
284 2549 439 2628 ratione
460 2546 585 2624 aloco
604 2546 859 2648 continetur,
887 2563 931 2627 ut
949 2548 994 2628 fit
1013 2563 1094 2628 tota
1112 2549 1153 2628 in
1172 2567 1259 2631 toto
1278 2555 1394 2652 loeo,
1409 2552 1528 2632 dism-

196 2655 300 2758 gulae
317 2648 420 2730 illius
435 2647 495 2727 rei
514 2657 642 2744 partes
665 2644 823 2749 singulis
838 2649 918 2729 loci
934 2651 1109 2750 partibus
1125 2653 1400 2752 respondeant.
1438 2659 1527 2730 Hoc

196 2753 317 2835 modo
369 2749 536 2830 uaelibet
559 2769 728 2859 corpora
759 2749 892 2830 locum
917 2765 1127 2853 occupant.
1181 2763 1346 2856 vestitior
1372 2755 1460 2831 sunt
1487 2753 1528 2834 in
1616 2765 1619 2772 '

197 2863 288 2938 loco
310 2779 529 2932 ruitantia
552 2847 798 2948 spirituales,
826 2875 922 2953 quae
945 2865 1046 2932 totae
1073 2855 1161 2930 sunt
1181 2855 1222 2930 in
1240 2869 1327 2930 toto
1344 2853 1458 2946 loco,
1488 2855 1527 2933 dt

197 2971 297 3036 totae
314 2955 354 3034 in
375 2951 549 3056 qualibet
566 2947 646 3055 loci
672 2965 804 3049 parte,
835 2973 925 3027 cum
944 2953 1199 3053 repugnantia
1221 2951 1269 3030 ad
1286 2951 1528 3032 existendum

198 3064 239 3142 in
254 3056 331 3138 alio
353 3052 538 3156 quopiam
556 3050 647 3130 loco
664 3075 676 3152 3
704 3065 750 3128 ut
768 3051 892 3130 anima
909 3049 1106 3132 rationalis
1126 3053 1167 3132 in
1194 3053 1363 3135 humano
1384 3075 1529 3155 corpo-

198 3185 258 3242 re.
309 3169 425 3236 Anima
439 3183 501 3234 nott
514 3159 593 3230 molt
607 3151 798 3250 dissundiittr
816 3179 871 3262 prr
882 3157 1015 3253 spanum
1037 3161 1114 3243 loti,
1127 3154 1184 3252 scd
1196 3167 1231 3234 itt
1262 3185 1446 3262 unoquoque
1462 3183 1531 3232 ctr-

193 3290 270 3372 pott
287 3264 329 3337 ti
343 3268 376 3334 in
398 3279 460 3336 toti
478 3279 544 3334 tota
560 3257 623 3349 ts,
649 3253 692 3330 ti
714 3262 749 3328 itt
775 3257 912 3358 qualibet
930 3262 993 3352 tjttt
1011 3279 1104 3362 parit
1124 3279 1190 3332 tota
1204 3260 1250 3353 tsi.
1272 3258 1323 3337 ait
1340 3277 1373 3335 S.
1392 3261 1531 3370 Augrrsli-

199 3393 259 3446 „ur
273 3361 329 3435 lib.
356 3363 431 3438 VI.
455 3359 506 3438 de
532 3363 686 3434 Trinitate
715 3373 757 3427 ca
781 3409 790 3432 .
817 3370 854 3433 6.
909 3363 1178 3434 sacramentaliter
1199 3357 1240 3435 in
1269 3361 1360 3438 loco
1392 3359 1446 3435 est
1468 3359 1534 3435 rlla

200 3457 422 3555 substantia,
452 3481 546 3634 (ἐπεὶ
565 3457 631 3534 sub
649 3453 730 3532 acci
763 3458 917 3546 entibus
940 3457 1098 3536 alterins
1115 3457 1334 3540 substantiae
1352 3456 1534 3536 contine-

56 3613 60 3622 ·
200 3587 292 3662 tur,
318 3557 444 3637 veluti
476 3559 527 3634 ub
550 3556 755 3656 speciebus
780 3561 888 3650 panis
906 3561 943 3640 dr
962 3557 1045 3636 vini
1073 3559 1302 3638 continetur
1329 3557 1534 3638 substantia

200 3661 391 3780 Corporis
410 3659 447 3736 dt
469 3656 666 3758 sanguinis
695 3655 847 3738 Christi.
900 3660 1112 3760 Potestque
1132 3659 1410 3740 sacramentalis
1427 3679 1534 3757 prae-

199 3773 320 3853 sentra
333 3757 535 3859 saepiliime
547 3757 817 3862 multiplicari,
837 3777 882 3842 ut
901 3760 1089 3861 Corporis
1099 3761 1238 3840 christi
1258 3762 1297 3840 in
1317 3774 1377 3838 tot
1395 3763 1535 3841 Eccle-

198 3872 259 3966 sris
286 3860 613 3946 sacramentaliter
630 3857 841 3940 existentia.
897 3861 1018 3965 Quod
1037 3877 1165 3940 autem
1183 3862 1533 3966 circumscriptiveexi-

200 3975 301 4052 stere
321 3966 362 4045 in
380 3965 537 4045 duobus
554 3981 621 4057 aut
637 3961 813 4062 pluribus
830 3963 928 4040 locis
943 3963 1046 4043 idem
1065 3985 1210 4064 corpus
1230 3979 1403 4067 nequeat
1422 3991 1435 4064 ς
1473 3987 1532 4050 ar·

227 4087 434 4150 omentum
459 4068 704 4146 luculentum
734 4087 857 4142 exeo
885 4063 1123 4165 desumitur,
1153 4067 1286 4168 quod,
1315 4091 1404 4144 cum
1431 4064 1531 4140 ratio

201 4101 372 4251 formatis
390 4166 577 4248 existendi
596 4163 636 4243 in
655 4167 747 4242 loco
763 4166 1044 4271 circumscriptior,
1070 4166 1115 4246 stt
1132 4167 1305 4254 extensio
1332 4166 1531 4266 corporis,

200 4269 440 4374 paradoxum
458 4267 621 4350 omnino
632 4265 813 4348 videatur
822 4321 864 4450 ,L
863 4266 1026 4357 eandem
1047 4271 1312 4352 extensionem
1331 4269 1533 4447 dluplicem

1364 4391 1484 4446 ocum
