3782 4958
280 427 422 544 unns.
446 459 554 542 XIII.
590 457 660 538 Dn
687 458 876 536 Creone
904 463 972 534 en?
995 441 1217 531 Fumone.
1347 457 1425 558 439

144 667 197 728 ne
214 639 384 722 senfibili
402 651 506 722 motu
524 639 719 741 partium3
755 633 809 712 lic
833 633 967 713 oleum
995 631 1144 711 vitrioli
1167 633 1310 735 aequali
1336 635 1464 735 copiae

141 768 254 846 aquae
278 738 451 844 pluviae,
478 756 543 820 aut
565 737 759 818 stillatitiis
788 735 1004 836 plantarum
1032 737 1161 837 aquia,
1186 735 1308 815 veluti
1330 738 1467 816 herbae

138 843 390 941 cochleariae,
416 860 479 921 aut
496 841 663 920 sambuci
690 835 828 936 affusa,
854 835 1021 914 calorem
1048 833 1180 936 pro'dit
1202 835 1282 914 fine
1301 841 1466 918 efferve-

137 943 281 1024 scentia
298 969 310 1043 3
338 941 443 1048 quod
462 944 499 1022 da
520 940 588 1036 fit,
623 964 710 1019 cum
727 937 861 1016 oleum
880 935 1028 1014 viu-ioli
1044 937 1139 1015 vino
1162 938 1424 1037 permiscetur.
1475 947 1478 954 ‘
1781 1017 1787 1038 ι

238 1051 269 1146 l.
290 1068 373 1146 509.
400 1041 508 1122 Aliae
527 1038 837 1120 effervescentia
865 1037 989 1136 frigus
1015 1037 1195 1130 sensibile
1215 1039 1434 1138 producunt
1452 1067 1464 1142 3
1485 1051 1617 1148 ΕΜ.
1728 1061 1735 1083 *
1800 1138 1802 1148 ³

140 1145 193 1224 sal
212 1165 339 1226 cornu
366 1141 495 1239 cervi,
520 1143 572 1222 sal
601 1139 760 1222 volatile
782 1140 940 1238 urinae,
967 1154 1033 1218 aut
1059 1139 1341 1221 ammoniacum
1370 1169 1468 1223 com·
1479 1154 1599 1244 scentia

137 1247 343 1326 misceatur
358 1268 444 1324 cum
472 1257 582 1323 aceto
612 1242 828 1338 distillato,
853 1255 917 1320 aut
940 1267 1038 1340 aqua
1061 1241 1177 1340 sorti,
1203 1255 1268 1323 aut
1292 1243 1381 1324 oleo
1408 1245 1614 1360 vi-fngadae,

136 1347 275 1448 trioli,
308 1341 602 1424 effervescentia
621 1341 762 1443 frigida
791 1339 875 1421 erit
953 1347 1057 1446 Quee
1084 1345 1175 1422 sane
1202 1343 1467 1440 experimenta

138 1450 346 1546 evincunt,
372 1448 541 1530 calorem
565 1471 644 1550 non
677 1442 886 1528 conlistere
904 1441 945 1519 in
972 1461 1075 1524 motu
1100 1441 1278 1522 duntaxat
1302 1447 1466 1543 partium

138 1571 458 1654 quarumcunque
477 1547 682 1644 intestino,
709 1545 775 1623 sed
801 1570 822 1621 a
849 1543 1046 1642 particulis
1062 1541 1288 1644 dependere
1314 1547 1371 1626 sui
1399 1571 1464 1646 ge·

137 1649 244 1730 neris
260 1673 401 1748 nempe
422 1649 551 1747 igneis
575 1674 587 1740 ς
640 1649 784 1750 quibus
799 1643 1040 1726 avolantibus
1058 1647 1098 1724 in
1120 1647 1248 1747 sumo,
1273 1645 1396 1746 frigus
1409 1647 1467 1727 in-

139 1747 326 1847 ducitur3
356 1747 436 1826 line
453 1750 529 1828 illis
549 1749 744 1849 particulis
761 1746 910 1850 igneis,
938 1745 1269 1830 effervescentiam
1295 1751 1466 1830 suboriri

138 1849 264 1952 polle,
290 1849 462 1954 calorem
487 1876 568 1930 non
589 1850 703 1951 polle.
1620 1906 1632 1935 .

237 1956 270 2052 l.
291 1979 374 2054 §ao
410 1957 539 2030 Omne
567 1951 815 2029 metallorum
843 1970 972 2061 genus·
995 1950 1125 2028 calore
1148 1949 1356 2049 funditur,
1382 1975 1470 2030 cum
1496 1961 1641 2064 liquari.

139 2074 283 2152 nempe
304 2052 602 2132 concitatillimae
620 2049 720 2150 ignis
741 2047 943 2150 particulae
961 2063 1064 2128 mter
1094 2051 1271 2132 minimas
1297 2051 1470 2131 metallo-
1485 2069 1624 2142 merub-

137 2176 225 2230 rum
250 2174 374 2254 partes
400 2152 672 2251 fontanellae,
699 2175 761 2229 eas
787 2151 891 2229 circa
927 2170 1108 2247 centrum
1136 2153 1244 2256 suum
1269 2151 1567 2253 undeque-rum,

136 2275 219 2356 que
245 2253 462 2352 exagitant3
516 2278 579 2332 um
605 2251 763 2354 liquatio
789 2251 829 2331 in
857 2249 1178 2348 compactionibus
1205 2255 1368 2332 metallis
1381 2257 1468 2354 jux·
1632 2287 1637 2296 ·

101 2393 106 2403 ·
133 2369 174 2434 ta
201 2349 419 2466 dynamicas
438 2281 579 2432 'itiiiem
607 2355 713 2453 leges
730 2353 786 2433 est
805 2352 923 2453 paulo
948 2350 1170 2454 difficilior,
1195 2368 1361 2434 attamen
1381 2352 1468 2434 diu-

134 2470 300 2534 turmor.
352 2456 503 2536 Globus
523 2455 747 2553 plumbens,
773 2457 900 2536 charta
925 2452 1184 2558 undequaque
1210 2453 1313 2536 erile
1341 2455 1467 2537 obdu·
1495 2510 1499 2517 ·

135 2555 243 2654 etus,
269 2571 381 2656 atque
407 2555 562 2656 ignibus
589 2555 923 2732 superimpolitus,
950 2557 1117 2658 liquatur
1144 2557 1219 2655 fic,
1245 2573 1287 2638 ut
1313 2583 1384 2655 per
1408 2557 1467 2636 so-

135 2679 294 2751 ramem
311 2657 352 2734 in
374 2657 502 2738 charta
521 2655 636 2734 exscil
652 2681 740 2756 um,
768 2659 960 2754 profluat,
987 2657 1115 2735 chana
1142 2657 1385 2736 incombusta
1405 2659 1466 2737 su-

133 2755 325 2862 perstitea
352 2759 442 2858 quia
469 2780 610 2856 nempe
635 2757 736 2856 ignis
769 2755 997 2854 particulae,
1024 2779 1095 2854 pec
1129 2773 1299 2856 patentes
1324 2757 1467 2836 chartae

133 2883 252 2977 poros
278 2857 475 2957 trajectae,
501 2858 543 2938 in
572 2859 731 2956 plumbo
756 2855 834 2936 vim
863 2856 965 2934 suam
1000 2857 1216 2955 exagitandi
1251 2873 1465 2958 exercent3

134 2987 178 3040 1n
197 2983 245 3038 eo
266 2957 411 3059 quippe
429 2961 609 3057 majorem
633 2984 718 3058 prae
733 2959 861 3036 charta
879 2955 1090 3036 offendunt
1112 2959 1374 3040 refistentiam.

239 3059 557 3140 Rarel'aflionem
583 3073 696 3138 atrue
726 3057 997 3161 expansionem
1023 3083 1354 3166 quorumcunque
1380 3085 1466 3140 cor·

130 3182 272 3266 porum
298 3182 371 3257 per
394 3159 526 3258 ignem
553 3159 660 3238 att'ui
688 3165 740 3262 (l.
760 3167 856 3276 ψ)
873 3162 910 3240 da
918 3165 1006 3264 seqq.
1306 3211 1311 3222 ·

234 3263 263 3359 l.
284 3285 368 3358 5¹1·
394 3261 628 3360 Diffipatio,
655 3263 793 3342 calorrs
815 3260 1000 3361 effeilus,
1026 3255 1210 3358 panditur
1233 3261 1274 3340 in
1301 3261 1466 3342 exlicca·

131 3359 243 3442 tione
266 3359 337 3440 luti
366 3361 610 3462 platearum3
664 3364 784 3444 Calor
811 3363 1001 3464 srquidem
1029 3376 1173 3440 terreas
1196 3383 1342 3468 atomos
1365 3363 1465 3443 diffi-

137 3483 234 3561 pare
249 3461 387 3558 impar5
402 3459 562 3544 fluidum
580 3491 599 3540 a
627 3488 744 3544 neum
768 3459 1029 3544 concitatione
1046 3462 1109 3540 sua
1121 3466 1297 3562 eliberat,
1323 3464 1467 3544 lutum·

133 3584 215 3663 que
232 3561 404 3640 exsiccat.
455 3571 537 3644 Hac
553 3490 687 3644 eadem
705 3560 956 3664 heterogenei
972 3559 1112 3667 liquidi
1126 3591 1198 3664 per
1214 3563 1380 3643 calorem
1393 3561 1465 3640 dis

130 3661 313 3766 pulfione
343 3659 553 3744 induratur
587 3665 767 3742 albumen
798 3663 864 3746 ovi
889 3691 903 3765 ς
947 3685 1038 3742 cera
1072 3679 1194 3743 autem
1224 3663 1464 3762 resolvitur3

131 3757 241 3866 quod
272 3762 533 3864 homogeneae
557 3763 665 3844 illius
689 3779 842 3864 partes,
875 3779 961 3848 utut
995 3787 1066 3861 per
1091 3762 1306 3866 inquietum
1332 3761 1466 3864 ignem

128 3861 300 3943 vinculis
325 3865 400 3942 suis
425 3865 649 3966 eliberatae,
673 3891 754 3946 non
780 3865 820 3943 se
844 3868 1037 3966 patiantur
1063 3863 1115 3944 ob
1132 3861 1257 3946 mallee
1281 3865 1362 3948 suae
1381 3889 1465 3968 gra·

108 3962 291 4044 ·vitatem
318 3961 499 4064 diffipari.

234 4067 262 4163 l.
286 4089 368 4164 5¹2·
395 4066 506 4146 Alias
521 4065 581 4144 vis
598 4065 736 4147 caloris
759 4063 977 4166 exuemus,
1004 4089 1120 4166 quam
1140 4063 1365 4148 inanimale
1384 4095 1467 4150 cor·
1570 4083 1611 4152 ab.

131 4189 207 4272 pus
222 4181 401 4272 exercet,
424 4173 744 4352 vocaturadqlqi
766 4167 898 4246 succus
914 4190 1098 4276 ceparum
1116 4165 1215 4254 adeo
1243 4169 1476 4291 relideret¹
1541 4206 1569 4221 -·
1609 4250 1629 4289 ι
1711 4233 1716 4238 .

725 4289 904 4368 ‘mma
1342 4295 1414 4353 nm
