3900 4956
445 513 496 609 7⁶
977 507 1191 582 Sucrrorus
1227 507 1260 583 Ι.

400 693 523 776 ditati.
578 693 704 776 Porro
724 703 931 798 antequam
957 689 1153 772 soetationi
1181 687 1453 794 applicentur,
1481 693 1645 774 ¹vernice
1666 693 1737 776 de-

398 796 535 904 purari
558 795 727 898 debent,
755 809 800 876 ut
817 797 870 876 ita
885 791 1042 875 reserati
1059 795 1146 898 pori
1164 793 1322 876 vitalem
1350 798 1521 876 calorem
1539 797 1732 876 intromit-

399 916 494 982 tant.
548 903 631 978 Hac
645 899 799 981 ratione
823 897 1174 1002 ovaelonginquis
1195 895 1339 980 finibus
1373 902 1481 978 allata
1506 901 1734 1004 peregrinas

395 1027 487 1084 aves
503 1001 543 1082 in
564 1003 691 1084 nostra
706 999 828 1104 patria
847 1002 1054 1085 soetabunt.

447 1109 559 1186 XIV.
576 1107 734 1204 Quanta
743 1106 787 1186 fit
804 1125 992 1204 pororum
1001 1099 1214 1182 multitudo
1226 1101 1438 1202 inpellibus
1447 1099 1684 1202 animalium,
1697 1105 1736 1185 dr

391 1208 594 1292 hominum
611 1228 725 1312 cute,
749 1207 905 1289 abunde
925 1204 1229 1285 commonstrant
1242 1203 1512 1303 experimenta
1528 1205 1591 1284 illa
1609 1213 1734 1284 sando-

392 1324 460 1400 rit,
483 1309 558 1412 qui
575 1309 863 1408 deprehendit,
886 1331 936 1383 ex
962 1306 1071 1384 libris
1091 1319 1129 1396 8.
1160 1305 1459 1408 alimentorum,
1496 1326 1592 1412 quas
1612 1308 1731 1388 homo

394 1415 503 1494 sorte
522 1409 642 1508 spatio
661 1437 721 1512 24.
745 1409 932 1486 horarum
949 1405 1232 1507 absumpserat,
1249 1407 1365 1488 libras
1384 1409 1563 1514 quinque
1578 1410 1732 1490 insensi-

397 1511 467 1593 bili
486 1534 553 1612 per
569 1536 690 1613 poros
713 1509 1011 1610 transpiratione
1031 1503 1173 1587 abiisse.
1226 1511 1331 1592 Hinc
1354 1508 1730 1616 inseeta,.quomm,

296 1677 302 1694 .
400 1617 542 1730 hyeme
557 1615 793 1714 praesertim,
813 1611 939 1694 vitalis
959 1610 1113 1710 interna
1129 1613 1346 1694 commotio
1363 1613 1494 1712 cessat,
1512 1613 1733 1718 atqueideo

402 1715 495 1798 nrhil
512 1713 801 1818 evaporationis
820 1731 930 1794 extra
945 1735 1067 1813 poros
1085 1712 1336 1818 propellitur,
1355 1715 1526 1819 plurium
1542 1715 1732 1794 mentium

269 1897 275 1908 ,
398 1815 520 1917 spatio
538 1819 618 1900 fine
643 1817 750 1896 omni
772 1819 956 1897 alimento
982 1837 1028 1893 ac
1052 1813 1179 1893 veluti
1206 1829 1364 1895 mortua
1391 1815 1639 1918 perdurant3
1663 1815 1733 1896 do·

394 1945 472 2002 nec
485 1923 639 2002 rursum
656 1921 866 2023 ingruente
882 1920 1014 1998 calore
1030 1917 1077 1996 ad
1094 1915 1231 1997 vitales
1252 1917 1425 1999 astiones
1441 1920 1672 2001 incitentur.

405 2079 408 2090 .
440 2024 534 2103 XV.
562 2029 638 2104 Per
657 2022 822 2101 densum·
838 2020 1059 2102 animalium
1079 2019 1232 2100 corium
1244 2020 1466 2100 mercurius
1476 2021 1593 2102 vivus
1603 2021 1732 2122 expri-

390 2124 536 2230 mitur3
556 2129 730 2230 haecque
744 2125 798 2204 est
815 2121 914 2201 ratio
933 2123 1179 2202 mercurium
1197 2119 1429 2222 depurandi.
1472 2125 1512 2203 si
1531 2125 1620 2228 quis
1639 2125 1731 2204 alte-

390 2251 434 2306 ra
452 2251 569 2307 manu
584 2227 826 2308 mercurium
842 2223 979 2304 vivum
999 2223 1038 2304 in
1062 2227 1151 2305 vase
1170 2238 1402 2306 contentum
1421 2224 1649 2328 agitaverit,
1676 2223 1733 2304 vi-

392 2329 502 2410 debit
516 2333 719 2429 annulum,
739 2329 808 2431 qui
822 2329 928 2406 sorte
949 2329 988 2406 in
1007 2326 1124 2405 altera
1134 2349 1251 2404 manu
1266 2326 1406 2428 suerit,
1427 2341 1554 2407 totum
1569 2351 1618 2406 en
1631 2352 1733 2408 mer·

394 2429 509 2508 curio
533 2430 784 2510 candescere.
837 2434 922 2508 Imo
941 2429 968 2508 st
987 2451 1149 2509 aureum
1169 2449 1375 2506 nummum
1393 2429 1492 2510 intra
1513 2431 1651 2509 dentes
1669 2453 1732 2508 re-

395 2531 582 2632 ceperis,
609 2530 886 2610 &extremum
911 2528 1022 2626 pedis
1049 2530 1212 2631 digitum
1240 2528 1477 2632 aliquamdiu
1499 2530 1731 2613 immerseris

397 2632 438 2714 in
470 2627 737 2732 mercurium,
765 2655 943 2712 nummus
973 2629 1039 2710 ille
1072 2633 1218 2732 pariter
1242 2653 1292 2710 ex
1322 2636 1523 2714 mercurio
1550 2634 1731 2714 albescet.

397 2743 523 2818 Tanta
551 2732 607 2814 est
626 2731 815 2814 mercurii
842 2759 915 2838 per
939 2755 1061 2833 poros
1087 2733 1245 2812 humani
1275 2735 1456 2834 corporis
1481 2734 1732 2836 penetratio!

400 2837 520 2946 Quod
539 2861 657 2920 nemo
683 2833 846 2940 quidem
864 2835 945 2918 srne
970 2852 1213 2914 nocumento
1231 2833 1466 2916 valetudinis
1491 2852 1700 2918 exerceret
1720 2859 1733 2928 ς

395 2937 619 3054 Mercurius
647 2938 799 3044 quippe
823 2939 879 3020 est
903 2933 1078 3019 fluidum·
1095 2941 1278 3019 humanae
1305 2939 1635 3044 compaginationi
1665 2935 1735 3020 ini-

397 3063 559 3118 mrcum.

449 3145 564 3220 XVI.
588 3138 730 3218 Refert
738 3144 950 3245 toytius-cap.
965 3140 1044 3232 50de
1054 3163 1212 3244 corporum
1220 3143 1404 3217 animalium
1419 3139 1738 3260 porqsuteexperi-

398 3241 538 3322 mentis
560 3235 809 3317 medicorum
842 3238 1040 3339 constare,
1066 3239 1201 3342 quod,
1222 3241 1290 3344 qui
1316 3243 1588 3345 cantharides,
1615 3245 1682 3323 vul
1711 3268 1737 3320 o

397 3343 546 3459 muscas
572 3337 781 3521 hispsaqitcas
813 3343 855 3422 in
884 3341 997 3418 sacco
1023 3340 1157 3456 secum
1187 3343 1402 3444 detulerit,
1429 3343 1583 3428 urinam
1599 3269 1741 3428 reddat

416 3467 585 3546 anguine
602 3467 685 3521 me
789 3499 799 3519 .

449 3549 585 3628 XVII.
611 3544 904 3625 Describantur·
922 3541 1163 3627 charatteres
1184 3559 1292 3624 creta
1311 3549 1503 3627 armorica
1519 3549 1560 3628 in
1579 3549 1737 3650 speculo

400 3647 617 3751 perpolito,
629 3643 730 3724 adeo
743 3645 956 3726 haecetiam
973 3648 1134 3727 abstersa
1149 3646 1296 3746 speculi
1311 3673 1429 3748 poros
1438 3651 1680 3753 inhabitabit,
1693 3669 1739 3729 ut

404 3750 492 3854 post
505 3753 659 3849 longius
675 3750 789 3830 etiam
811 3766 966 3852 tempus
988 3749 1228 3853 pinguedine
1246 3748 1312 3826 sua
1337 3751 1497 3830 halitum
1517 3777 1600 3833 non
1626 3750 1741 3833 susci·

413 3847 492 3951 piat
509 3851 550 3928 in
567 3851 657 3930 loco
682 3851 956 3956 adscriptarum
972 3851 1189 3932 literarum.

515 3957 551 4053 ξ.
568 3951 631 4030 62.
659 3954 773 4032 Plura
800 3953 987 4035 mirabilia
1010 3955 1301 4054 phaenomena,
1329 3976 1423 4060 quae
1460 3979 1537 4056 ope
1565 3956 1745 4038 effluvio-

415 4081 527 4153 rum,
546 4077 595 4131 ex
611 4053 827 4136 innumeris
855 4059 963 4159 poris
991 4078 1323 4163 quorumcunque
1342 4079 1555 4154 corporum
1571 4060 1744 4140 ubertim

239 4165 325 4240 Unde
339 4189 395 4238 rr·
416 4155 696 4261 promanantia,
718 4160 968 4260 contingunt,
984 4159 1117 4256 legere
1137 4157 1272 4236 licebit
1290 4163 1346 4260 (q.
1359 4183 1434 4240 200
1448 4165 1488 4234 u
1499 4163 1609 4266 seqq.)

234 4275 327 4432 zitas,
342 4269 394 4339 orl
519 4262 552 4360 l.
571 4259 635 4360 63.
664 4258 801 4339 Habita
815 4261 888 4357 J'am
907 4259 1156 4362 purorum&
1185 4262 1426 4343 vacuitatum
1452 4263 1606 4341 ratione
1628 4263 1745 4344 saoile

258 4370 389 4465 msstarl
1607 4388 1698 4444 cor·
