3782 4958
358 461 369 484 ’
443 451 730 574 rnzie'cmo
754 495 805 572 V.
833 455 910 578 Dr
931 491 1081 596 Aqui.
1369 505 1448 596 355

151 691 232 758 tum
259 677 301 756 in
324 675 416 756 vtfe
434 677 576 780 quiete
610 677 886 782 relinquitur,
912 695 956 761 ut
981 676 1201 780 putrescat3
1237 699 1330 756 mox
1354 673 1498 779 octies,

152 793 216 858 aut
239 779 378 860 novies
404 781 538 860 rursus
562 803 635 882 per
662 781 829 862 chartam
866 780 1039 864 bibulam
1068 779 1322 880 percolatur,
1346 777 1382 858 dt
1409 777 1496 858 red-

152 877 261 962 ditur
282 881 553 984 purgatiffimtt
620 884 760 983 Vulgo
780 909 916 987 aquam
943 886 997 964 sic
1022 885 1243 982 depurant:
1271 903 1406 986 aquam
1426 907 1496 983 po·

151 985 225 1063 lito
251 980 361 1085 ligno
384 984 582 1086 agitatam,
601 987 768 1090 quietam
794 985 955 1066 tandem
979 987 1132 1067 invase
1157 983 1409 1086 relinquunt,
1428 981 1498 1058 de·

148 1100 274 1189 ponet
297 1088 383 1188 post
407 1111 568 1187 pautum
591 1101 743 1190 tempus
775 1088 816 1167 in
848 1087 976 1170 tundo
1009 1085 1172 1187 sordes,
1196 1086 1234 1164 dt
1263 1085 1408 1186 purior
1436 1085 1496 1162 su-

148 1203 355 1290 pematans
377 1190 572 1290 separata,
598 1189 824 1291 proficuum
850 1189 957 1270 dabit
982 1187 1189 1270 nutritioni
1219 1189 1340 1269 usum.
1411 1185 1494 1367 (flul

150 1293 283 1371 locum
309 1293 530 1372 inhabitant
557 1291 721 1392 impuris
747 1293 972 1397 quibusque
998 1293 1110 1396 aquis
1135 1291 1356 1392 funestum,
1389 1315 1416 1366 v
1455 1311 1494 1364 e·
1561 1329 1568 1338 ·

148 1393 278 1474 tudini
307 1395 388 1474 suae
411 1393 643 1498 consulent,
676 1419 812 1498 aquam
852 1395 957 1476 illam
993 1421 1081 1477 cum
1107 1417 1234 1474 cornu
1264 1390 1374 1471 cervi
1408 1389 1494 1470 usto

10 1513 13 1608 ξ
150 1495 441 1602 decoquentem
469 1497 542 1574 hac
569 1499 715 1599 quippe
735 1495 886 1578 ratione
906 1499 1028 1580 multo
1054 1496 1251 1578 salubrior
1273 1493 1401 1574 utenti
1426 1517 1494 1610 po·

10 1639 12 1680 t
148 1616 215 1680 tus
239 1598 534 1698 praeparabitur.
586 1604 673 1680 Imo
701 1600 810 1700 putei
834 1601 934 1703 ipsi,
959 1626 1131 1701 quotum
1159 1625 1257 1703 aqua
1285 1597 1408 1674 nimio
1436 1613 1495 1674 nt-

10 1791 12 1812 ,
147 1713 212 1780 tro
238 1699 384 1780 infesta
411 1703 494 1804 est,
520 1699 753 1782 immiffione
779 1703 865 1782 salis
897 1703 1052 1804 lollrlis,
1080 1717 1147 1784 aut
1175 1725 1366 1780 cornuum
1393 1698 1496 1776 usto·

147 1828 240 1885 rum
270 1803 381 1886 cervi
414 1801 684 1886 emendantur.
734 1805 926 1908 Denique
945 1819 1074 1885 nautae
1099 1827 1234 1910 aquam
1259 1828 1333 1902 pro
1351 1801 1502 1880 diutur-

150 1906 215 1990 nis
242 1903 556 2004 navigationibus
587 1904 877 2021 aputredine,
913 1909 950 1987 δι
984 1906 1226 1986 infestorum
1257 1927 1497 2006 progeneret·

10 2051 12 2086 t
146 2010 259 2089 tione
283 2022 470 2089 tuentur:
495 2009 583 2087 vaso
611 2031 782 2110 primum
804 2033 926 2090 vacua
959 2006 1069 2088 sumo
1094 2005 1268 2085 ardentis
1299 2003 1497 2106 sulphuris

146 2113 280 2229 probe
303 2107 491 2192 inficiunt
512 2139 523 2186 t
548 2125 634 2188 tum
662 2107 830 2210 impletis
857 2109 1018 2212 singulis
1043 2109 1265 2211 quibusque
1287 2108 1407 2207 vasis,
1422 2132 1498 2186 un·

10 2235 11 2274 ³
150 2239 248 2294 cram
277 2211 356 2292 olei
385 2211 601 2312 sulphuris,
626 2211 692 2290 vel
719 2213 971 2314 ascrupulos
999 2211 1078 2293 olei
1101 2209 1253 2292 vitrioli
1279 2207 1499 2289 affundent.

9 2415 10 2420 Ν
146 2313 302 2396 tnsetta
327 2339 441 2416 aquee
463 2328 663 2414 corruptae
687 2315 926 2422 oecidentur
954 2314 1220 2418 ebullitione3
1256 2309 1310 2392 stc
1329 2311 1436 2392 enim
1455 2309 1497 2390 in

9 2519 10 2528 ι
146 2416 320 2502 fundum
346 2434 527 2499 emortua
552 2417 706 2496 cadent.

253 2569 367 2672 Aqua
389 2558 549 2737 glovia,
575 2585 656 2676 non
685 2583 729 2638 ea
754 2555 940 2677 quidem,
1036 2583 1074 2642 ee
1101 2581 1149 2640 ex
1175 2557 1286 2644 tetris
1313 2583 1403 2641 cum
1429 2585 1500 2641 vr-

9 2733 10 2744 ,
147 2665 299 2748 riarum
324 2669 386 2741 lor
416 2686 497 2741 tum
533 2663 736 2743 ablutione
770 2659 949 2766 deffldlt,
994 2661 1045 2743 ed
1068 2687 1158 2766 quae
1181 2665 1253 2746 sub
1278 2678 1411 2764 aperto
1431 2675 1500 2762 Jo·

9 2763 10 2774 ‘
149 2791 202 2848 ve
229 2766 271 2844 in
297 2761 440 2864 campis
466 2765 680 2868 excipitur,
705 2765 875 2844 fontanis
902 2769 938 2845 dt
962 2763 1188 2846 fluvialibus
1225 2767 1330 2844 aruis
1352 2765 1498 2864 purita-

148 2887 190 2952 te
211 2869 333 2968 longe
360 2863 589 2964 antecellit,
616 2865 684 2944 illa
712 2863 961 2968 praesertim,
988 2892 1061 2968 qua
1084 2869 1216 2944 mense
1292 2867 1390 2944 artio
1417 2889 1500 2945 coe*

148 2973 233 3054 lum
260 2967 437 3066 depluit,
464 2991 553 3046 cum
577 2993 656 3046 non
683 2963 773 3047 dum
808 2982 910 3044 tanta
937 2967 993 3047 ell
1009 2965 1297 3047 exhalationem
1324 2983 1502 3046 terrena»

150 3099 239 3154 rum
263 3070 449 3150 varietas·
480 3093 567 3146 nam
593 3068 741 3166 pluviae
755 3067 819 3144 hee
837 3091 950 3172 atpuae
965 3069 1130 3149 naturali
1150 3070 1315 3174 quedam
1331 3071 1422 3150 solis
1438 3065 1496 3148 di-¹

149 3173 364 3257 stillatione
392 3128 632 3286 subtiliffrme
650 3168 914 3272 deputontur,
941 3171 1082 3286 suaque
1107 3171 1349 3274 fimplicitate
1379 3173 1497 3276 aptio-

151 3301 215 3358 res
240 3275 330 3356 sunt
355 3275 565 3354 nutritium
590 3271 804 3370 plantarum
833 3271 868 3350 dt
900 3275 1119 3356 animalium
1140 3299 1152 3376 3
1180 3271 1277 3356 hinc
1298 3275 1496 3356 hortulani
1595 3302 1601 3315 ·

151 3405 235 3458 eam
255 3373 460 3456 effundere
482 3389 609 3452 amant
627 3373 891 3466 germinibus:
914 3375 1041 3482 panis,
1058 3401 1102 3456 ea
1120 3377 1322 3478 subestur,
1339 3378 1494 3478 justiori

145 3477 450 3563 fermentatione
481 3475 704 3556 extenditur
726 3474 924 3555 :mollius
953 3503 1231 3586 excoquuntur
1264 3475 1302 3558 le
1357 3477 1494 3557 mina:

147 3585 258 3691 potin
284 3581 400 3662 Thee
425 3579 585 3657 meliori
608 3576 779 3659 tinflura
806 3577 1024 3661 imbuitur:
1051 3601 1269 3680 promotores
1292 3579 1398 3658 ilius
1423 3579 1496 3658 usu

122 3683 374 3768 >cerevisiam
404 3677 574 3780 sapidam
606 3678 808 3758 reddunt:
841 3681 883 3759 in
918 3683 1072 3788 chymia
1106 3683 1264 3762 felicius
1291 3680 1496 3760 adhibetor

146 3815 245 3893 aqua
272 3785 404 3889 pluvia
444 3782 493 3858 etl
526 3783 650 3862 varias
680 3780 1001 3864 edulcorotiones
1030 3785 1152 3864 veluti
1190 3783 1305 3863 calcis
1338 3781 1420 3862 auri
1457 3779 1494 3862 du

148 3890 301 3993 argenti
321 3917 331 3965 t
356 3885 569 3963 linteorum
596 3883 770 3986 denique
791 3909 909 3962 omne
927 3907 1051 3984 genus
1067 3885 1111 3964 in
1128 3912 1172 3964 ea
1190 3883 1494 3967 commodiffime

147 3991 404 4084 dealbantur3
441 4007 531 4086 quae
557 3985 684 4064 omnia
713 3985 923 4066 fluviatiles
948 4009 1063 4087 aquae
1093 3987 1265 4071 deterius
1295 3991 1494 4091 praestant,

145 4107 368 4202 propterea,
383 4085 492 4189 quod
519 4111 591 4185 pro
607 4089 786 4188 longiore
810 4087 1075 4188 &impuriore
1094 4109 1304 4198 terrarum,
1316 4119 1409 4198 quas
1427 4089 1500 4170 de-

141 4186 497 4293 'currunt,tra&u,
526 4186 600 4266 fint
621 4185 828 4269 admodum
853 4189 1080 4273 iteuulenta.

746 4327 874 4470 Ygz
1022 4331 1064 4366 ‘'
1321 4333 1446 4436 ime
