3878 4958
437 481 520 567 ¹116
865 593 869 601 Ι
944 491 1214 572 Sacrtoorra
1266 486 1299 572 1.

393 671 460 754 val
479 697 557 776 qua
574 693 664 756 cum
685 661 809 756 altero
826 676 1016 778 cohaeret,
1033 671 1337 778 proportionalis
1353 673 1409 754 est
1426 673 1629 778 quantitati
1639 696 1735 760 con-

392 773 517 856 teitus
546 799 559 876 ς
613 774 731 860 Unde
756 779 855 860 ratio
881 782 970 862 fluit
1005 801 1224 880 corporum
1248 777 1286 857 de
1313 783 1463 860 durorum
1480 777 1517 856 de
1533 785 1735 880 stolorum.-

396 877 515 962 Unde
540 877 831 987 intelligimus,
858 905 932 966 cur
964 905 1131 986 corpora
1157 880 1381 982 asperrimae
1406 879 1637 981 superficiei
1663 879 1735 960 fibi

397 981 573 1086 imposita
591 1009 728 1084 parum
746 1002 812 1070 aut
826 987 927 1066 nihil
954 991 1212 1068 cohaereant?
1246 1008 1338 1066 cum
1367 1006 1509 1082 nempe
1536 981 1740 1064 conlatura

396 1083 442 1166 fit
461 1087 699 1190 perexiguus
716 1087 967 1174 eorundem:
1003 1114 1078 1174 cur
1102 1111 1189 1190 pars
1217 1087 1364 1168 metalli
1390 1085 1476 1168 susa
1501 1111 1592 1168 cum
1620 1085 1740 1164 altera

394 1189 541 1270 metalli
561 1207 668 1292 parte
687 1191 906 1296 cohaereat,
932 1217 1026 1300 quae
1056 1207 1144 1272 ante
1169 1190 1368 1278 fusionem
1390 1185 1497 1270 nude
1524 1187 1596 1268 srbi
1614 1187 1740 1270 solum

394 1292 572 1396 imposrta
587 1319 671 1376 non
689 1295 976 1380 cohaeserunt?
1002 1320 1127 1378 eccur
1143 1296 1258 1376 etiam
1276 1292 1436 1374 minima
1449 1289 1618 1370 diversae
1635 1287 1740 1390 figu-

394 1419 457 1495 rae
473 1421 513 1472 v.
522 1417 566 1494 gr
576 1395 721 1476 cubica
738 1395 777 1473 δε
792 1393 982 1498 sphaerica
997 1397 1191 1481 diversam
1218 1419 1433 1499 corporum
1457 1393 1741 1476 cohaerentiam

395 1495 592 1600 efficiant,
620 1519 762 1598 nempe
779 1497 831 1578 ob
852 1495 1055 1586 diversum
1073 1499 1316 1606 contactum,
1340 1511 1386 1582 ut
1413 1493 1467 1576 de
1481 1501 1598 1578 duritie
1615 1493 1654 1574 tr
1669 1499 1742 1596 flat·

396 1610 496 1688 artare
514 1596 673 1692 dicetur
691 1603 742 1710 (l-
761 1605 867 1712 53⁶·)

945 1795 1037 1873 LE
1060 1793 1090 1868 Χ
1135 1789 1208 1872 ΙΙΙ.

406 1915 580 2055 Maiore
596 1929 808 2018 eerplrevirer
825 1921 1019 1999 retraetans
1036 1941 1177 1998 exercent
1192 1927 1226 1996 in
1243 1915 1362 2021 iruerfie
1380 1929 1499 1998 reetone
1515 1917 1742 2024 quadratorum

514 2017 658 2118 dssentr‘ae
678 2023 730 2123 (d.
742 2043 810 2119 131
826 2022 1012 2126 teg.11.);
1045 2035 1203 2099 minarum
1227 2049 1300 2098 vere
1318 2027 1570 2128 particularum,
1588 2031 1620 2092 ‘e
1633 2017 1745 2124 quidue

405 2144 533 2226 torpere
551 2126 774 2229 temperuntur
782 2179 795 2218 ,
814 2130 846 2198 in
864 2125 927 2229 ipse
946 2125 1087 2202 cambire
1103 2125 1248 2202 merdin
1262 2125 1347 2228 longe
1353 2125 1474 2228 fortier
1488 2126 1544 2221 eli,
1560 2149 1658 2226 quem
1675 2145 1747 2194 cum

405 2229 458 2300 vel
473 2231 600 2301 minimo
616 2229 776 2304 inrorato
797 2227 986 2331 separaretur
1008 2229 1047 2301 ab
1074 2237 1231 2302 inuicem:
1268 2229 1395 2331 ideoque
1418 2236 1501 2304 vires
1520 2227 1748 2322 particularum

409 2332 595 2404 trahentium
616 2339 649 2404 t'n
667 2331 776 2426 receffu
793 2335 930 2432 caeperit
955 2329 1127 2430 decrescunt
1144 2337 1178 2404 in
1204 2335 1324 2404 ratione
1340 2333 1509 2432 plusquam
1524 2327 1679 2420 duplicate
1696 2327 1748 2398 di-

405 2432 589 2524 patratarum
606 2428 909 2528 (§103Are'thm.)
959 2429 1265 2510 Demonstratur
1280 2454 1301 2506 a
1318 2438 1456 2506 Nemone
1475 2429 1540 2504 lr'd.
1558 2427 1588 2504 I.
1614 2435 1747 2539 l’rinrip.

323 2533 341 2540 “
411 2530 597 2604 Mathemar.
614 2528 773 2628 Propos.
791 2543 850 2626 85.
910 2529 1017 2610 Hinc
1044 2531 1141 2611 sales
1166 2525 1334 2629 diverli,
1364 2527 1407 2610 in
1438 2555 1535 2630 aqua
1559 2525 1750 2628 exsolutr,

411 2653 495 2710 non
517 2643 706 2709 exercent
727 2629 810 2712 vim
835 2631 1096 2734 attratlivam,
1122 2645 1169 2714 ut
1199 2653 1342 2732 nempe
1357 2627 1402 2709 in
1431 2626 1637 2736 crystallos
1654 2650 1750 2705 con-

413 2748 599 2837 currant,
625 2733 698 2816 nisi
722 2761 821 2838 aqua
834 2758 960 2840 usque
977 2735 1026 2815 ad
1045 2735 1272 2836 pelliculam
1291 2747 1499 2837 evaporet,
1524 2729 1562 2812 δι
1579 2727 1749 2831 particu-

410 2834 469 2916 -lae
489 2833 628 2917 salinae
641 2838 760 2940 tnagis
779 2835 850 2920 fibi
869 2837 1197 2956 appropinquent
1697 2934 1705 2948 ,

419 3000 425 3016 .
518 2937 639 3043 Quod
660 2938 687 3018 fi
705 2965 804 3020 vero
823 2943 960 3022 harum
984 2943 1268 3042 partrcularum
1293 2939 1440 3020 auretio
1456 2935 1562 3016 soret
1575 2935 1618 3018 in
1637 2946 1752 3014 tatto·

416 3063 472 3118 ne·
485 3040 640 3121 inversa
657 3043 937 3142 quadratorum
956 3041 1167 3147 distantiae,
1184 3071 1268 3126 non
1283 3055 1498 3142 augeretur
1507 3037 1549 3120 in
1565 3037 1648 3140 ipso
1660 3060 1753 3116 con·

416 3139 522 3220 tastu
547 3155 624 3220 tam
650 3143 836 3246 sortiter,
869 3146 976 3250 quod
1003 3148 1139 3232 rursus
1169 3158 1331 3228 Nencoreus
1361 3139 1601 3224 demonstrat
1632 3142 1698 3220 tat.

420 3252 723 3350 principalitatem.
743 3267 831 3356 trop.
848 3271 907 3346 74.
960 3251 1136 3334 Gravitas
1161 3260 1273 3328 certo
1299 3267 1537 3348 corporum,
1555 3265 1648 3348 quae
1666 3270 1692 3344 p

420 3339 527 3424 cedit
538 3346 584 3423 in
603 3347 755 3430 ratione
776 3347 971 3442 duplicata
988 3353 1147 3435 inversa
1164 3347 1431 3431 distantiarum
1447 3352 1498 3449 (l.
1511 3369 1580 3448 131
1595 3353 1665 3450 leg.
1682 3347 1755 3442 II.)

322 3527 325 3532 ,
420 3473 502 3529 non
520 3465 689 3550 augetur
706 3452 940 3537 senfibi-liter
958 3481 1007 3536 ex
1030 3455 1235 3536 imminuta
1250 3452 1323 3530 hac
1338 3474 1553 3550 corporum
1574 3477 1594 3528 a
1616 3459 1755 3528 centro

419 3566 542 3634 terrae
563 3551 770 3650 distantiat
798 3556 864 3636 vix
879 3557 987 3639 enim
998 3579 1237 3658 corporum,
1259 3551 1470 3634 duodecim
1496 3549 1628 3657 orgyis
1646 3567 1756 3660 ater-

422 3677 481 3734 rae
500 3657 717 3759 superficie
735 3655 980 3766 distantium,
1006 3658 1171 3764 gravitas
1190 3653 1264 3734 ell'e
1281 3657 1406 3757 major
1431 3651 1759 3754 deprehenditur,

421 3783 538 3856 quarn
557 3759 602 3840 stt
613 3761 655 3842 in
669 3761 749 3864 ipsa
767 3763 1009 3861 superficie:
1064 3759 1143 3842 uod
1164 3761 1255 3838 sane
1274 3758 1320 3838 ab
1338 3755 1566 3848 attrailione.
1584 3757 1757 3848 minima·

425 3881 514 3940 rum
528 3865 808 3965 particularum
829 3868 949 3970 longe
971 3869 1027 3948 est
1036 3792 1261 3947 diversum.

966 4053 1218 4132 trxlv.

508 4199 568 4273 Um
587 4197 670 4273 vires
686 4203 816 4302 eorporis
832 4198 1015 4270 attrahentis
1033 4186 1207 4289 decrescunt
1226 4193 1259 4266 ier
1275 4193 1397 4268 retient
1412 4185 1592 4290 tripieete,
1610 4183 1758 4284 empleu-

526 4329 624 4409 quam
641 4306 797 4399 triplicata
812 4293 1028 4394 Metellarum
1054 4283 1295 4398 augescentium,
1313 4293 1376 4400 ἱρῇ
1403 4287 1541 4365 mendic
1563 4285 1760 4488 erslorrz'fflnire
