3900 4956
344 523 688 616 riaiecnovll.
705 521 1290 610 DaCoiroiiuiuPoiiosirnra.
1441 557 1490 640 75

201 723 243 804 ni
262 743 360 824 aqna
377 727 625 819 praeparato,
652 712 691 790 di
713 707 799 808 post
821 708 1000 808 pusillum
1021 726 1098 792 terii
1130 716 1225 816 oris,
1243 722 1539 819 penetrantibus

200 848 273 924 per
288 823 456 903 chartam
479 813 665 912 effluviis,
683 809 927 894 videbuntur
950 737 1272 930 priusoefescripti
1299 822 1542 906 enaraueres

198 924 357 1004 fuscum
375 920 545 1000 induere
569 917 759 996 colorem.
1449 989 1451 996 ,
1536 987 1538 995 .

210 1097 216 1110 ,
266 1032 338 1107 XI.
355 1013 808 1116 Exfloribussulphuris,
820 1013 1147 1122 salearmoniaco,
1159 1021 1266 1102 calce
1278 1025 1384 1127 viva,
1397 1031 1544 1110 contri·

199 1129 265 1227 tis,
283 1130 321 1206 dc
339 1127 379 1205 in
400 1137 549 1202 retorta
568 1117 694 1198 subito
713 1115 938 1198 commixtis
957 1119 1172 1200 destillatur
1190 1123 1237 1203 ad
1252 1128 1396 1207 sortem
1413 1131 1543 1232 ignem

199 1229 358 1330 spiritus
375 1225 526 1304 fumans
540 1219 696 1329 Boylii,
722 1219 835 1318 cujus
855 1217 1015 1332 effluvio
1032 1222 1191 1319 politam
1221 1231 1446 1330 Venerem,
1475 1235 1545 1316 seu

199 1353 372 1432 cuprum
392 1327 493 1410 intra
514 1319 802 1406 mundiffimum
829 1343 984 1400 corium
1003 1325 1231 1410 conclusum
1255 1331 1469 1434 arrodunt,
1498 1335 1545 1414 il.

199 1435 295 1514 laeso
316 1429 442 1510 corio.
496 1429 557 1526 Eri
577 1447 660 1528 quo
687 1425 757 1504 liiii
783 1419 1002 1537 affiinditur
1028 1419 1082 1502 illi
1103 1425 1397 1536 phaenomeno,
1430 1435 1542 1540 quod

115 1555 120 1565 ·
198 1536 353 1616 fulmen
364 1525 572 1632 aliquando
584 1524 825 1638 absumpsilie
843 1545 1051 1627 pecuniam
1071 1524 1194 1609 illaeso
1218 1533 1413 1636 marsupio
1433 1562 1543 1618 com-

201 1650 460 1718 memoretur.

266 1742 359 1818 ΧΠ.
382 1731 527 1813 Tabaci
540 1729 673 1810 sumus
689 1751 762 1843 per
777 1751 893 1832 aquae
908 1751 1030 1828 poros
1047 1737 1251 1832 pertransit
1261 1766 1274 1842 3
1292 1739 1396 1843 apud
1414 1743 1542 1824 Persas
1567 1756 1644 1836 Tib,
1663 1767 1693 1838 i,

200 1841 348 1944 quippe
367 1837 456 1914 haec
472 1833 527 1914 est
544 1831 748 1912 Tabacarii
765 1831 866 1912 sumi
896 1831 1045 1932 turtio:
1073 1836 1122 1912 In
1149 1843 1352 1940 ampullam
1375 1846 1542 1927 vitream
1562 1863 1628 1965 dig.
1649 1885 1694 1938 ia.

197 1943 404 2041 oblongam
424 1943 500 2017 AB
518 1959 617 2036 aqua
639 1931 1011 2018 ultramedietatem
1035 1931 1163 2046 usque
1186 1939 1228 2018 in
1247 1948 1282 2020 0
1300 1943 1541 2054 infunditur,

196 2054 280 2125 tum
299 2058 415 2120 aeneo
432 2039 627 2138 operculo
640 2041 683 2115 M
701 2039 739 2116 N
757 2034 892 2116 exatte
918 2029 1128 2139 clauditur.
1183 2043 1229 2118 In
1248 2042 1324 2122 hoc
1348 2053 1540 2150 operculo

154 2181 158 2192 ·
197 2145 278 2226 duo
307 2137 410 2222 aenei
428 2139 559 2220 tubuli
580 2133 845 2228 adsolidantur
867 2135 945 2234 sic,
973 2151 1019 2212 ut
1048 2136 1144 2218 alter
1170 2141 1330 2244 quidem
1357 2148 1540 2236 inferiori

121 2309 130 2326 .
197 2271 289 2325 cum
307 2239 463 2318 orificio
482 2241 522 2316 D
543 2240 583 2318 in
599 2261 736 2341 aquam
752 2235 935 2336 ampullae
954 2241 1235 2345 protruditur,
1264 2247 1460 2346 superiori
1472 2281 1541 2336 ve-

172 2357 175 2366 ‘
197 2371 245 2424 ro
266 2339 423 2424 orificio
444 2343 499 2439 C,
521 2339 562 2418 in
576 2339 721 2418 vasculi
737 2339 901 2417 sormam
919 2355 1130 2444 excavato,
1147 2347 1373 2447 gliscentem
1391 2353 1431 2432 iri
1447 2379 1541 2453 pru-

197 2447 258 2528 nis
277 2445 456 2524 tabacum
479 2439 679 2522 contineat
700 2469 710 2520 i
747 2441 846 2520 alter
867 2439 1029 2518 tubulus
1048 2443 1082 2522 E
1099 2447 1248 2545 pariter
1268 2447 1480 2536 introrsum
1496 2459 1537 2544 in

197 2547 403 2650 ampullam
421 2542 707 2646 protenditur,
735 2555 904 2623 attamen
924 2540 1085 2624 brevior
1112 2547 1191 2646 est,
1213 2551 1251 2630 di
1268 2575 1406 2655 aquam
1427 2559 1537 2641 orifi-

196 2650 261 2736 cio
278 2645 471 2728 inferiore
491 2669 572 2726 non
596 2645 819 2746 contingit:
845 2653 934 2724 Hoc
959 2647 1102 2724 tubulo
1124 2649 1303 2734 Efuinus
1324 2659 1447 2738 tabaci
1461 2687 1536 2762 per

197 2775 335 2855 aquam
358 2744 576 2826 attrahitur.
642 2751 748 2849 Quae
766 2743 942 2830 sumandi
956 2746 1166 2828 methodus
1192 2755 1383 2846 salubrior
1402 2765 1536 2842 multis

192 2853 458 2947 ,existimatum
486 2845 668 2926 foetidum
688 2845 862 2950 quippe,
889 2848 928 2925 u
947 2870 1038 2925 acre
1058 2849 1172 2930 suum
1190 2856 1322 2934 oleum
1338 2863 1462 2940 tabaci
1476 2864 1537 2942 fu·

195 2979 283 3038 mus
303 2955 344 3034 in
364 2971 465 3054 aqua
484 2945 662 3048 deponit.
745 3043 753 3059 ι

263 3057 377 3134 XIII.
398 3055 446 3129 Iii
463 3071 647 3148 campana
663 3045 795 3124 antliae
810 3047 957 3130 vitrum
968 3071 1139 3152 aqueum
1150 3057 1385 3167 reponitur,
1399 3064 1440 3147 in
1451 3091 1538 3172 quo

196 3181 320 3238 ovum
335 3157 474 3254 jaceat.
525 3146 713 3262 Extratlo
731 3157 822 3227 aera
838 3149 1040 3230 videbitur
1058 3179 1181 3238 ovum
1198 3159 1239 3241 in
1253 3187 1354 3266 aqua
1365 3169 1533 3268 positum

200 3261 324 3342 bullas
337 3264 507 3336 aerease
534 3253 600 3344 sua
618 3249 838 3352 peripheria
867 3261 1180 3357 quaquaversum
1209 3264 1406 3348 emittere.
1457 3261 1536 3353 Pu-¹

198 3377 330 3448 tamen
361 3355 426 3449 ovi
454 3355 568 3434 valde
592 3353 777 3469 porosum
805 3355 882 3451 est,
905 3357 1153 3477 multumque
1178 3363 1278 3443 aeris
1296 3394 1416 3450 ovum
1435 3370 1474 3452 in
1496 3377 1536 3454 se

129 3465 134 3478 '
199 3453 502 3558 ¹complettitur,
540 3480 609 3556 qui
638 3465 706 3568 aer
722 3453 872 3536 sublato
906 3459 1131 3560 aequilibrio
1156 3487 1228 3562 per
1255 3493 1374 3568 poros
1400 3495 1533 3552 erum·

196 3585 295 3668 pens
312 3555 361 3636 ad
386 3578 502 3656 aquae
523 3557 773 3671 superficiem
794 3554 935 3637 tendit.
989 3567 1090 3644 Haec
1115 3567 1182 3645 ovi
1204 3575 1394 3666 porositas
1422 3573 1534 3654 causa

199 3665 276 3765 est,
306 3655 416 3763 quod
436 3679 510 3734 ova
526 3657 697 3758 longiori
717 3673 897 3758 tempore
909 3659 1089 3745 asservata
1108 3667 1249 3750 bonam
1267 3671 1350 3752 suae
1366 3673 1534 3758 subtran-

196 3767 266 3852 tiae
284 3777 436 3866 partem
461 3757 669 3860 exspirent.
724 3761 805 3865 Qui
824 3760 943 3862 igitur
961 3789 1036 3843 ova
1067 3768 1242 3847 recentia
1267 3771 1415 3854 diutius
1441 3801 1537 3861 con-

198 3870 355 3948 servare
381 3859 567 3963 cupiunt,
584 3861 732 3944 fluente
751 3886 843 3942 cera
859 3882 926 3944 aut
941 3867 1086 3974 butyro
1103 3891 1147 3946 ea
1163 3871 1424 3979 perfundunt,
1438 3869 1535 3982 qua.³

69 4019 71 4022 -
201 3964 502 4081 evaporationes
521 3961 779 4061 praepediant.
834 3965 985 4070 Quodsi
1006 3984 1138 4049 autem
1162 3973 1247 4070 post
1264 3977 1416 4082 longius
1436 3996 1534 4063 tem·

65 4143 68 4148 ,
198 4095 301 4168 pus,
327 4071 451 4147 veluti
474 4063 560 4167 post
581 4080 684 4158 5aut
702 4067 727 4144 t'i
745 4071 894 4146 menses
915 4095 989 4149 ova
1013 4071 1076 4150 illa
1102 4071 1148 4150 ad
1166 4073 1409 4160 loetationem
1428 4085 1535 4166 adhi-

198 4171 294 4246 bere
315 4172 465 4268 libeat,
500 4181 584 4244 tuni
610 4166 821 4245 consultius
848 4170 924 4250 erit
949 4197 993 4253 ea
1017 4176 1183 4252 vernice
1207 4179 1374 4275 primum
1408 4188 1534 4266 obdu.

200 4267 309 4369 atille,
329 4285 545 4370 propterea
557 4265 665 4370 quod
683 4267 790 4348 calor
799 4270 960 4451 llizquatae
980 4283 1089 4384 ce‘rae
1107 4299 1248 4382 eorum
1265 4286 1363 4384 obsit
1377 4287 1535 4466 sautem.

868 4399 894 4461 2
1416 4413 1425 4464 i
1447 4414 1484 4467 a·
