3878 4958
463 519 549 604 unu.
636 539 644 548 ·
927 519 946 550 ·’
965 504 1234 590 Secrtortrs
1266 509 1322 590 ·1;

519 696 592 774 VI.'
621 687 659 771 si
682 687 813 794 liquor
838 685 1106 776 thermometri
1125 708 1358 798 quacunque
1380 695 1529 780 ratione
1553 692 1673 778 suerit
1690 687 1767 778 ‘ina'

418 813 639 896 terruptus,
666 794 862 874 desendet
884 797 1014 878 rursus
1028 797 1136 899 usui,
1165 796 1192 874 si
1215 797 1255 876 in
1283 811 1366 878 rota
1395 801 1637 904 collocetur,
1663 821 1754 902 quae

422 899 526 984 circa
551 913 729 980 centrum
756 899 862 980 suum
888 899 1188 998 horizontaliter
1212 899 1472 1006 devolvatur,
1499 929 1548 984 eo
1575 903 1678 1004 situ,
1711 917 1755 980 ut

419 1005 743 1083 thermometrum
762 999 913 1080 radium
934 1015 1035 1083 rotae
1052 1003 1214 1102 efficiat,
1240 1022 1358 1107 utque
1387 1007 1525 1108 globus
1549 1004 1755 1086 circumse-

420 1107 588 1187 rentiam
606 1118 706 1185 rotae
723 1103 931 1207 respiciat3
959 1105 1049 1186 Post
1079 1105 1227 1209 aliquot
1256 1107 1578 1194 circurnauiones
1602 1103 1768 1190 videbis·
1855 1175 1860 1184 .

421 1211 553 1292 rursus
567 1208 608 1289 vi
624 1206 844 1309 cuntrisuga
863 1207 1025 1290 adunari
1046 1210 1249 1312 liquorem

511 1314 617 1390 ·v11.
644 1311 813 1410 siseres,
831 1311 1046 1409 cuniculos,
1063 1324 1126 1394 aut
1146 1309 1588 1416 aliaquaequeanirnalia
1604 1311 1757 1394 funicu-

420 1413 462 1493 lo
481 1410 584 1491 circa
599 1410 718 1510 pedes
734 1411 851 1512 ligato
869 1413 1226 1514 circumrotaveris,
1253 1418 1338 1514 post
1355 1443 1491 1518 paucas
1509 1415 1670 1520 quidem
1681 1411 1757 1494 cir-

421 1511 685 1597 cumauiones
709 1516 965 1593 vehementer
988 1513 1227 1616 stupebunt,
1253 1517 1291 1596 dr
1315 1535 1477 1600 voment
1500 1520 1755 1620 sanguinem

420 1621 509 1722 post
528 1617 712 1718 plurimas
737 1641 836 1696 vero
863 1617 1072 1696 rotationes
1095 1617 1208 1696 etiam
1231 1620 1478 1703 morientur:
1504 1623 1594 1724 quia
1613 1641 1757 1718 nempe

419 1719 575 1823 sanguis
590 1743 677 1800 cum
696 1718 850 1800 caeteris
867 1719 1094 1828 humoribus
1108 1745 1178 1818 per
1190 1733 1311 1800 totum
1327 1719 1768 1822 corpusordinattffima

420 1825 640 1907 decurrens
658 1849 679 1902 a
696 1837 832 1904 centro
850 1837 1011 1904 conatur
1025 1822 1199 1902 violente
1218 1823 1457 1926 abscedere,
1480 1843 1594 1931 atque
1613 1824 1755 1906 sicani-

419 1929 561 2011 malem
576 1926 843 2024 oeconomiam,
853 1927 1113 2006 vehementer
1128 1929 1336 2024 perturbat.

521 2032 636 2106 VIII.
662 2033 777 2110 Rotae
797 2053 982 2108 curruum
999 2025 1135 2126 rapido
1155 2037 1265 2106 motu
1282 2025 1461 2126 impulsae
1477 2027 1683 2110 adhaerens
1697 2027 1754 2110 lu·

417 2149 499 2216 tum
519 2129 738 2236 longissime
754 2129 937 2232 ejiciunt,
961 2129 1084 2210 veluti
1103 2129 1217 2210 etiam
1238 2150 1306 2210 cos
1325 2131 1570 2214 rotundus&
1588 2133 1754 2212 circum·

419 2235 523 2319 auus
541 2259 676 2334 aquam
694 2229 919 2336 subjetlam.·

354 2395 358 2404 ,
442 2365 446 2374 ’
517 2341 588 2419 ΙΧ.
614 2343 773 2433 Diovryssur
793 2345 931 2440 Papium
951 2331 1166 2412 machinam
1198 2330 1410 2434 condidit,
1433 2357 1527 2438 quae
1552 2321 1752 2436 beneficio

414 2441 561 2520 virium
580 2436 885 2536 centrisugarum
916 2459 1051 2536 aquam
1075 2434 1292 2536 longissime
1322 2439 1505 2536 ejaculata
1523 2438 1588 2518 est.
1640 2439 1753 2516 Com,

412 2539 632 2624 modiffime
646 2537 861 2618 machinam
882 2537 982 2616 hanc
1001 2536 1175 2619 substitui
1202 2537 1362 2638 possein
1386 2538 1517 2620 locum
1537 2540 1750 2642 syphouum

413 2642 672 2748 igniariomm
697 2641 880 2742 opinatur
904 2637 1066 2720 Auctor.
1138 2645 1186 2720 In
1212 2652 1295 2718 ndis
1320 2644 1526 2718 Erudrurum
1548 2644 1749 2747 Hpficnfilus

413 2781 497 2831 anno
517 2756 614 2845 1689
630 2747 727 2848 mense
742 2737 1031 2844 Jumomachina
1049 2741 1116 2822 illa
1137 2741 1188 2821 sic
1213 2739 1446 2822 describitur
1467 2771 1477 2820 τ
1504 2743 1676 2842 capiatur
1686 2763 1751 2820 vas

245 2863 321 2952 Tul.
334 2839 396 2952 ιη’,
414 2847 676 2958 cylindricum
694 2847 756 2926 exi
789 2869 850 2926 ute
868 2843 1141 2946 profunditatis
1155 2851 1337 2944 Annn,
1358 2867 1429 2943 per
1443 2848 1553 2948 cuius
1572 2857 1749 2924 centrum

239 2983 306 3084 sig.
326 3001 359 3058 r.

412 2953 686 3034 transmittitur
704 2871 827 3030 vedis
841 2955 904 3028 BB
922 2977 935 3048 3
964 2949 1055 3030 huic
1073 2945 1177 3028 vesti
1196 2946 1335 3028 insixae
1356 2947 1440 3025 sunt
1457 2947 1530 3025 alae
1549 2951 1641 3044 CC,
1659 2965 1751 3047 quae

414 3055 556 3136 aditio
585 3077 655 3130 axe
676 3051 724 3131 ad
748 3053 1101 3132 circumferentiam
1129 3051 1415 3148 extenduntur,
1441 3047 1638 3150 ipsamque
1669 3063 1750 3126 tan·

412 3173 494 3237 turn
513 3179 596 3233 non
614 3154 830 3251 attingunt,
856 3153 954 3231 adeo
972 3169 1014 3232 ut
1025 3151 1198 3230 immoto·
1219 3153 1308 3232 vase
1332 3149 1426 3250 ipsae
1453 3149 1527 3233 clue
1546 3149 1749 3229 liberrime

412 3258 554 3362 possint
569 3253 838 3334 circumrotari
856 3277 869 3351 3
924 3255 1059 3356 Itaque
1077 3275 1144 3332 vas
1161 3259 1320 3336 ΑΑΑΑ
1343 3250 1564 3350 claudatur,
1581 3248 1749 3350 acsiant,

413 3357 609 3444 soramina
627 3379 751 3456 prope
767 3379 905 3472 avem,
933 3379 1023 3471 quae
1050 3379 1184 3458 aquam
1205 3357 1252 3434 ab
1277 3369 1385 3435 extra
1412 3351 1664 3457 ingressuram
1686 3349 1750 3434 ad-

338 3543 346 3554 ,
413 3463 589 3564 mittant,
617 3457 687 3540 fiat
710 3457 823 3537 etiam
846 3483 889 3538 rn
915 3455 1230 3539 circumsercntia
1249 3456 1354 3540 aliud
1380 3458 1581 3554 soramen,
1607 3456 1669 3533 cui
1687 3481 1750 3556 ap·

307 3633 311 3640 .
339 3625 342 3630 .
414 3567 583 3672 plicetur
597 3565 711 3648 tubus
724 3567 805 3641 MN
826 3559 1038 3644 secundum
1059 3559 1356 3662 applicationem
1377 3561 1497 3640 lineae
1514 3557 1746 3659 'tangentist

414 3669 510 3753 inde
529 3668 703 3772 sequitur
724 3694 733 3744 r
760 3662 912 3770 quodsi
935 3662 1058 3748 didius
1075 3662 1155 3744 axis
1177 3669 1241 3742 BB
1269 3689 1451 3744 unacum
1477 3660 1546 3740 alis
1566 3655 1747 3740 circulari

414 3789 523 3854 motu
539 3772 709 3871 cleatur,
735 3769 846 3850 simul
865 3765 978 3846 etiam
999 3764 1209 3847 necessario
1230 3765 1515 3866 circumagetur
1531 3790 1627 3867 aqua
1654 3787 1748 3844 con·

412 3889 520 3953 tenta
536 3872 680 3952 invase
699 3879 889 3969 AAAA,
916 3871 1165 3952 ac‘continuo
1191 3867 1324 3948 tendet
1349 3897 1369 3947 a
1391 3885 1527 3948 centro
1543 3865 1748 3964 recedere,

415 3991 527 4077 atque
547 3999 617 4074 per
634 3973 768 4054 tubum
790 3979 872 4054 MN
891 3971 937 4052 ad
963 3999 1045 4052 eam
1073 3967 1316 4056 altitudinem
1338 3969 1542 4071 ascendet,
1569 3969 1746 4070 adquam

417 4103 619 4177 corpora„
637 4077 824 4176 ejusmodi
843 4076 1049 4158 velocitate
1069 4093 1192 4172 motu,
1210 4072 1419 4154 secundum
1439 4073 1545 4152 illam
1564 4069 1748 4152 direttio·

415 4203 507 4258 nem
529 4178 671 4256 venire
696 4177 854 4276 possunt.
911 4183 1123 4281 chigrdicrh
1151 4193 1193 4258 ut
1224 4177 1386 4258 habetur
1409 4175 1451 4254 in
1479 4176 1744 4260 romualdo

413 4291 585 4392 anglicanis
604 4311 691 4364 num.
716 4303 787 4382 437
807 4281 1048 4364 consimilem
1070 4281 1286 4364 machinam
1310 4275 1531 4382 adinvenit,
1555 4275 1745 4456 quaefibe-

1587 4399 1645 4472 ,ὓθ
1680 4421 1697 4438 ·
