3900 4956
335 493 611 579 Dissaiairro
637 483 690 570 Π.·
718 481 785 566 Da
805 479 1050 567 Consarciu
1066 485 1181 568 llisr.
1198 485 1322 570 Pina·
1448 505 1498 590 31
1549 493 1554 514 ¹

216 707 304 765 nios
315 673 455 760 modos
474 699 518 753 ac
533 667 835 754 circumstantias
844 675 1177 776 acriminishujus,
1197 679 1236 757 di
1249 679 1421 783 upuppae
1436 671 1551 774 ignor
1683 690 1688 701 ,

219 810 307 865 rare
322 781 366 862 sit
382 775 589 880 professus.
645 774 813 880 Quidam
823 775 1067 857 arbitrantur
1087 805 1096 855 ι
1124 787 1302 858 Nevirnum
1318 779 1384 856 has
1401 784 1484 854 otro
1500 797 1554 854 at·

219 893 378 967 rritlrices
402 879 598 984 principio
628 875 782 955 cuidam
810 879 1036 984 hylarchico
1066 877 1326 981 adscripsisse,
1355 897 1473 980 aquo
1493 899 1556 955 ea·

220 989 312 1068 dem
339 1001 496 1064 veteres
519 982 622 1056 suam
652 978 899 1084 sympathiam
922 979 1223 1081 &antipathiam
1253 1003 1469 1081 corporum
1490 975 1560 1058 de·
1643 1023 1645 1029 ι

218 1089 462 1192 sumpserint.
517 1085 715 1159 l’raeterea
731 1105 878 1162 novum
902 1083 952 1162 de
968 1089 1167 1163 naauraluci's
1186 1084 1362 1188 systema,
1380 1084 1562 1160 innume·

217 1194 275 1271 ris
294 1181 571 1289 experimentis
593 1181 793 1264 suffultum
810 1185 1025 1285 procudit,
1055 1207 1136 1286 quo
1153 1185 1398 1288 praecipuam
1418 1179 1486 1260 sibi
1505 1180 1568 1263 in·'
1658 1234 1662 1242 ·

220 1311 283 1374 ter
304 1289 481 1369 eruditos
504 1282 674 1364 nominis
701 1286 863 1384 gloriam
890 1283 1145 1388 comparavit.
1199 1290 1326 1390 Hujus
1345 1299 1418 1364 n'os
1436 1280 1564 1360 Philo·

223 1393 333 1496 sophi
352 1388 489 1490 placita
508 1387 585 1466 lloc
602 1386 781 1490 Physices
802 1385 969 1467 decursu
987 1385 1222 1489 potiffimurn
1239 1386 1484 1485 sectabimur,
1507 1384 1563 1462 sa-

225 1499 383 1600 cileque
402 1515 474 1574 nos
504 1485 638 1567 induci
664 1487 832 1588 patimur
859 1489 906 1564 ad
926 1488 1174 1589 recipiendas
1204 1490 1413 1588 particulas
1429 1513 1451 1566 a
1467 1488 1560 1568 Deo

220 1623 298 1678 ceu
317 1591 506 1697 principia
525 1611 740 1688 corporum
765 1607 937 1687 creatas,
967 1606 1003 1669 at
1033 1613 1087 1667 ue
1102 1591 1273 1676 insensu
1292 1601 1425 1670 heutoni·
1440 1586 1562 1690 expli-

220 1719 347 1801 catas3
377 1691 632 1800 Quiquidem
647 1695 813 1770 Creator
824 1617 1220 1792 cumsimpiicillimus
1234 1691 1347 1810 sity&
1365 1687 1560 1791 simplicis-
1596 1767 1602 1772 .

218 1805 310 1885 fimi
329 1799 391 1878 via
411 1808 619 1898 operetur,
640 1815 720 1872 non
743 1808 873 1872 tamen
895 1793 1142 1895 uniformes,
1170 1793 1237 1874 sed
1255 1795 1495 1874 diversarum
1511 1787 1563 1870 fis
1600 1865 1605 1874 .

218 1892 1560 2006 gurarumatomosprodiversill'imorumcorporumcompositionede·

217 2001 538 2108 legissevidetur3
561 2011 772 2100 propterea
809 1995 891 2076 uod
905 1993 1173 2095 simplicissima
1185 1995 1483 2100 operandiratio
1494 2003 1556 2106 sit,

218 2131 265 2188 ea
283 2100 474 2206 principia
495 2122 628 2180 rerum
646 2023 899 2202 produgtioni
923 2094 1138 2202 destinare,
1166 2127 1215 2182 ex
1231 2124 1407 2204 quorum
1425 2099 1558 2184 diver·
1597 2149 1599 2156 ·

221 2213 259 2288 sa
278 2208 405 2308 figura
424 2207 533 2304 juxta
554 2203 773 2280 constantes
793 2199 1035 2278 mechanicas
1052 2201 1157 2301 leges
1174 2203 1327 2284 diversa
1340 2227 1558 2302 corporum

220 2314 315 2392 fluat
336 2303 527 2387 conditio.
583 2305 725 2406 Atque
743 2302 833 2380 haec
848 2299 1140 2400 philosophandi
1158 2301 1367 2385 methodus
1387 2331 1469 2391 non
1487 2308 1558 2386 im⁴

223 2411 365 2493 merito
386 2409 575 2508 Philosophia
591 2408 846 2510 Experimmtali's
863 2400 942 2480 dici
959 2403 1167 2485 consuevit
1189 2439 1202 2505 3
1253 2407 1387 2488 Nullas
1408 2410 1558 2528 quippe

219 2527 380 2597 Neritonus
395 2507 630 2620 hypotheses
647 2505 702 2584 est
720 2517 990 2606 commentus,
1006 2503 1072 2584 sed
1096 2533 1148 2586 ex
1162 2506 1460 2612 simplicissimis,
1483 2537 1559 2615 qua
1600 2567 1604 2576 ·

220 2616 342 2710 licuit,
359 2608 562 2714 principiis
576 2631 709 2686 rerum
728 2609 904 2688 omnium
933 2607 1061 2688 causas
1079 2607 1155 2688 elle
1178 2610 1412 2693 derivandas
1431 2615 1560 2694 existi·

220 2717 362 2814 mavit,
382 2709 561 2813 illudque
580 2710 701 2791 solum
720 2733 794 2809 pro
812 2707 1010 2811 principio
1027 2708 1242 2812 assumpsity
1265 2715 1376 2815 quod
1393 2715 1560 2811 exphae·

217 2813 399 2904 nomenis
417 2812 508 2895 esset
525 2815 839 2912 comprobatum.
892 2811 994 2888 I-linc
1016 2811 1167 2890 incessit
1187 2811 1334 2909 duplici
1353 2815 1556 2898 methodo:

218 2920 370 3022 arialyii'cii
389 2915 571 2996 nimirum
591 2911 628 2988 da
641 2913 835 3014 pathetica
854 2916 969 3011 anahfi
981 2913 1071 2988 usus
1091 2913 1167 3012 est,
1195 2927 1241 2991 ut
1256 2927 1411 3002 naturae
1430 2916 1552 3020 vires,

219 3029 409 3127 legesque
428 3014 573 3096 virium
591 3009 845 3113 simpliciores
870 3033 923 3088 ex
950 3011 1099 3090 seleilis
1128 3013 1358 3119 quibusdam
1383 3019 1549 3120 phaeno-

220 3121 346 3205 menis
365 3119 586 3200 deduceret
606 3138 618 3213 3
635 3115 933 3216 pnthytautem,
961 3129 1007 3190 ut
1028 3137 1078 3192 ex
1096 3117 1328 3218 quibusdam
1346 3119 1419 3198 illis
1437 3123 1547 3224 phae·
1596 3196 1599 3204 ,

218 3223 397 3305 nomeriis
415 3216 607 3336 analytice
633 3215 817 3313 expositis
839 3229 1081 3294 caeterorum
1109 3221 1281 3302 traderet
1302 3223 1550 3304 constitutio-

220 3351 324 3408 nem.
377 3331 573 3426 Quoniam
597 3329 724 3396 autem
741 3325 900 3396 Nautium
916 3317 955 3395 iri
975 3317 1126 3398 suarum
1144 3325 1455 3425 propositionum
1484 3327 1554 3407 ded

222 3425 560 3506 monstrationibus
592 3418 928 3520 profundissimam
955 3420 1150 3500 mathesim
1176 3441 1296 3528 atque
1322 3449 1395 3527 per
1424 3445 1555 3508 etuam

222 3525 401 3632 analysim
424 3523 648 3601 familiarem
672 3520 811 3618 habeti
840 3523 877 3600 da
906 3520 1091 3622 quoniam
1121 3524 1296 3625 tirones,
1327 3455 1471 3629 quihus
1490 3527 1555 3606 liic

219 3631 401 3738 Physices
420 3623 563 3706 Cursus
583 3625 694 3720 plana
709 3621 954 3726 fimplicique
971 3623 1158 3704 methodo
1177 3625 1411 3718 adornatur,
1431 3630 1557 3730 spinas

221 3736 303 3814 illas
323 3725 546 3825 fastidiunt,
573 3747 789 3825 proponam
815 3733 1013 3804 Neroniana
1037 3725 1213 3832 Physicae
1240 3728 1554 3829 capitasineillis

220 3828 526 3928 subtilitatibus3
553 3849 649 3917 uuas
678 3839 830 3924 tamen,
857 3826 925 3905 ubi
950 3825 1098 3905 tirones
1121 3827 1358 3929 algebraicos
1381 3833 1555 3918 fecerint

217 3933 460 4039 progressus,
488 3923 629 4030 possint
647 3923 748 4024 jano
770 3925 846 4004 hoc
863 3928 1135 4028 fundamento,
1149 3933 1274 4011 multo
1290 3934 1447 4017 felicius
1463 3961 1553 4038 per-

222 4053 389 4116 tentare.
452 4035 573 4112 Certo
599 4028 658 4108 Cl.
689 4033 769 4104 Keil!
792 4028 988 4109 Prosellor
1013 4031 1228 4116 savilianus
1253 4039 1492 4120 Praesatioiie
1516 4047 1552 4114 in

224 4144 374 4235 alpheam
393 4159 475 4212 non
497 4130 686 4210 dubitavit
708 4128 943 4224 praeclarum
964 4135 1040 4212 hoc
1065 4135 1115 4213 de
1134 4146 1273 4217 Neuiono
1289 4139 1470 4242 Elogium
1492 4151 1551 4220 te-

225 4239 347 4322 xe're:
376 4236 601 4342 Sagarifflmum
618 4237 699 4310 illim
714 4238 870 4338 ingenium
887 4241 979 4339 phire
1003 4241 1044 4315 Ψ
1059 4241 1234 4342 asajlrsifiora
1245 4243 1409 4348 patefecisse
1431 4263 1556 4324 natare

1438 4369 1507 4444 my-
1566 4433 1568 4436 ,
