3792 4958
435 511 513 595 184
968 495 1186 570 sncrioms
1211 494 1244 572 1.

87 759 96 776 ,
216 677 367 780 ilydraa·
484 679 518 777 l.
535 701 621 760 noo.
649 677 862 778 &madiam
878 671 1001 754 modo
1027 673 1176 757 summa
1195 699 1267 778 per
1287 675 1409 779 capita
1429 671 1607 760 delibare
1625 680 1735 764 insti·-

217 786 291 860 lica.
387 779 463 861 tuti
481 779 581 860 ratio
599 776 804 879 deposcit,
859 778 927 859 Est
946 789 1075 859 autem
1092 783 1287 877 Hydraulica
1297 791 1450 879 soemo,
1475 814 1541 890 qao
1558 795 1642 860 circa
1652 789 1733 884 flui-

388 887 502 958 dorum
520 887 563 961 θ’
585 909 672 997 aqu
683 894 753 987 poti
783 909 871 956 mum
894 903 995 958 motus
1019 907 1205 982 occupatur,
1231 887 1406 988 horamque
1422 910 1561 963 motuum
1580 891 1655 991 leges
1679 891 1737 961 dc·

390 991 504 1062 euro.
550 980 637 1064 Alri
653 980 745 1061 sunt
761 995 889 1062 motus
905 1003 1090 1083 aquarum
1148 984 1217 1086 qui
1243 985 1384 1086 sponte
1410 985 1474 1065 sua
1497 1001 1738 1086 recurrunt,

390 1099 432 1167 ut
448 1088 570 1164 mdo:
593 1081 659 1163 alii
680 1079 900 1162 directione
925 1079 1072 1162 artis'in
1096 1037 1279 1166 summam
1306 1086 1506 1171 hominum
1527 1083 1737 1172 utilitatem

285 1221 290 1234 ·
338 1211 342 1218 ·
390 1199 698 1290 promoventur,
722 1199 766 1266 ot
782 1191 885 1262 antlia
900 1187 1097 1286 maulim.

221 1289 325 1392 Causa
347 1315 378 1363 e·
491 1291 656 1389 Causae,
680 1287 825 1392 quibus
840 1285 968 1366 omnis
982 1283 1213 1391 hydraulica
1229 1311 1421 1392 aquarum
1437 1289 1605 1372 elevatio
1628 1290 1735 1369 inni-

220 1399 354 1470 levaates
390 1388 510 1490 titur,
536 1391 629 1470 sunt
649 1389 884 1488 potillimum
912 1402 992 1470 tres
1016 1387 1260 1493 sequentes:
1311 1396 1345 1472 Ι.
1379 1399 1505 1474 Pondus
1534 1395 1739 1501 arnolphus

220 1522 351 1602 qaum.
391 1511 512 1588 alren
539 1491 654 1596 hujus
667 1489 815 1594 quippe
832 1493 1019 1572 columna
1044 1490 1205 1592 triginta
1231 1489 1388 1574 dnobus
1412 1495 1580 1595 pedibus
1602 1493 1742 1596 aqueis

322 1617 328 1626 ·
392 1591 606 1696 aequivalet
620 1595 798 1695 (§.r8a)·
849 1593 1047 1699 Quoniam
1070 1617 1170 1672 vero
1192 1595 1395 1692 longiores
1418 1597 1500 1678 tubi
1522 1611 1740 1700 nequeunt

391 1695 438 1773 ab
454 1695 565 1774 omni
581 1695 680 1774 aeris
694 1693 909 1775 accellione
933 1693 1210 1795 persollillime
1234 1695 1442 1800 cohiberi-3
1488 1701 1588 1780 hinc
1604 1699 1740 1798 pallim

389 1793 558 1896 ponderi
583 1797 781 1880 columnae
806 1805 937 1876 aereae
964 1821 1037 1896 pro
1062 1797 1193 1876 antliis
1224 1819 1274 1898 30
1299 1798 1419 1898 pedes
1447 1801 1732 1882 attribuuntur.

389 1902 441 1978 ΙΙ.
466 1904 733 1980 walameris
760 1897 828 1978 vel
852 1898 1082 2000 compreffi,
1106 1899 1172 1978 vel
1197 1901 1388 1982 raresatii.
1438 1906 1512 1983 ΠΙ.
1540 1915 1648 1982 Morus
1668 1933 1737 1977 cm-

390 2003 452 2078 loll
471 2000 515 2079 in
532 2003 638 2083 tubo.
689 2009 766 2082 Hae
787 2011 868 2080 tres
889 2001 1018 2083 causae
1046 2001 1163 2080 variis
1189 2003 1458 2088 machinarum
1487 2001 1739 2085 adinventio-

390 2101 510 2183 nibus
529 2103 815 2184 deservierunt.

439 2249 442 2257 ·
491 2209 520 2308 l.
542 2231 627 2290 nor.
654 2205 771 2288 Unda
788 2203 888 2285 oriri
906 2203 1073 2308 dieitur,
1106 2231 1198 2288 cum
1216 2229 1327 2312 aquae
1351 2205 1600 2307 superficies,
1626 2205 1745 2283 hori-

388 2305 501 2386 zonti
516 2309 721 2424 parallela,
746 2304 940 2410 quandam
964 2309 1016 2386 ob
1040 2311 1191 2390 causam
1208 2309 1255 2389 fit
1275 2333 1391 2410 cava,
1417 2308 1455 2386 δι
1482 2308 1568 2388 haec
1594 2308 1745 2386 cavitas·

157 2412 160 2419 ’
218 2403 301 2485 Tal.
317 2407 359 2479 V·
390 2409 612 2492 elevatione
631 2407 926 2506 circumdatur,
955 2437 1054 2512 aqua
1074 2412 1181 2490 enim
1202 2413 1244 2490 in
1266 2417 1345 2492 ΑΛ
1362 2411 1511 2490 elevata
1531 2405 1745 2490 descendit

218 2514 354 2614 ΓΜ.
391 2507 576 2610 gravitate
592 2511 822 2592 sua‘versus
833 2517 880 2613 B,
898 2515 954 2612 C,
971 2513 1027 2615 D,
1052 2512 1290 2618 &acquisita
1315 2537 1423 2592 nova
1451 2511 1648 2590 celeritate
1677 2509 1742 2588 in-

281 2643 284 2654 *
391 2627 453 2690 ter
472 2610 799 2696 descendendum
814 2611 956 2692 format
975 2617 1107 2698 rursus
1122 2637 1262 2698 novam
1285 2613 1509 2715 cavitatem,
1536 2629 1653 2706 atoue
1670 2611 1739 2690 hae

245 2777 249 2786 .
372 2715 685 2817 'depreffionum
720 2715 996 2796 alternationes
1037 2715 1236 2798 undarum
1278 2714 1611 2795 continuationem
1649 2715 1739 2791 effi-

256 2839 262 2855 *
392 2819 505 2900 ciunt
526 2847 535 2896 ε
561 2834 691 2903 motus
707 2833 835 2899 autem
853 2817 1046 2902 undarum
1065 2819 1116 2900 ita
1136 2832 1378 2919 comparatus
1397 2819 1482 2918 est,
1506 2833 1550 2898 ut
1567 2839 1657 2897 cum
1677 2839 1743 2894 ca-

278 2945 281 2958 ·’
392 2922 489 3001 vitas
508 2924 616 3002 omni
636 2945 684 3002 ex
708 2933 818 3022 parte
843 2922 1064 3003 elevatione
1093 2915 1332 3002 circumdata
1356 2921 1423 3019 srt,
1448 2919 1582 3000 versus
1598 2939 1742 2999 omnes

392 3037 519 3124 partes
540 3025 623 3102 sese
639 3019 833 3124 expandat
848 3047 862 3125 3
890 3025 1039 3141 hacque
1056 3021 1107 3104 de
1123 3023 1217 3102 caus
1212 3049 1232 3100 a
1249 3019 1370 3100 undae
1388 3024 1429 3100 in
1440 3020 1632 3102 circulum
1644 3045 1741 3098 con·
1793 3049 1801 3061 ·

392 3139 653 3237 torquentur,
680 3124 788 3228 quod
807 3149 895 3205 cum
918 3123 1045 3227 lapide
1065 3127 1115 3207 lit
1136 3126 1276 3226 palam,
1300 3123 1368 3226 qui
1394 3123 1434 3202 in
1455 3123 1629 3224 stagnum
1648 3120 1743 3227 injia

178 3279 183 3284 -
394 3240 506 3306 catur.
1685 3239 1687 3244 ’
1738 3247 1740 3252 ’

247 3311 368 3390 Μ*
436 3361 438 3366 ·
496 3329 526 3430 l.
542 3349 629 3410 202.
653 3327 945 3432 Experimentis
970 3325 1213 3435 hydraulicis
1236 3325 1419 3428 praemitti
1445 3323 1569 3403 debet
1588 3321 1740 3403 instru-

222 3419 370 3494 lldum·
396 3425 498 3530 trio,
522 3453 598 3532 qua
617 3425 802 3511 doceatur
818 3428 1049 3534 methodus,
1075 3455 1209 3532 aquam
1228 3451 1276 3508 ex
1303 3427 1557 3528 receptaculis
1576 3425 1642 3504 seu
1661 3424 1741 3505 sca·

224 3522 376 3624 litqw·
395 3531 633 3633 mriginibus
647 3557 720 3632 per
736 3534 853 3614 tubos
879 3533 921 3612 in
934 3595 935 3600 a
948 3534 1039 3616 usus
1063 3531 1261 3636 quoslibet
1285 3529 1503 3632 longillrme
1522 3527 1706 3606 derivare
1724 3553 1737 3634 3

398 3632 446 3716 fit
463 3635 569 3716 enim
589 3659 672 3715 non
701 3661 819 3740 raro,
850 3647 896 3719 ut
921 3664 941 3716 a
969 3661 1034 3720 uae
1060 3636 1181 3734 longe
1209 3632 1339 3713 minor
1363 3631 1473 3732 copia
1506 3653 1579 3732 per
1592 3629 1742 3727 tubos,

399 3736 615 3834 praesertim
633 3735 852 3838 longiffime
868 3663 1098 3840 prossostos,
1120 3748 1380 3836 exoneretur,
1405 3759 1521 3837 quam
1541 3743 1736 3832 aquaeue-

400 3835 552 3938 locitas,
579 3837 805 3939 &ipsorum
821 3841 1005 3923 tuborum
1036 3833 1200 3918 latitudo
1227 3833 1416 3936 deposcat.
1469 3837 1528 3916 el.
1549 3834 1738 4010 Βιρἑυὶῑιη

402 3952 510 4018 certo
530 3945 666 4016 talliam
683 3969 718 4037 7.
738 3941 810 4046 ait,
837 3943 877 4020 se
895 3935 1221 4042 deprehendille,
1247 3938 1353 4040 quod
1377 3939 1493 4018 tubos
1512 3935 1618 4039 plum
1648 3953 1735 4031 eos,

404 4041 516 4137 cujus
532 4038 699 4120 interior
715 4041 928 4124 diametrus
945 4067 962 4120 1
982 4053 1004 4144 ξ.
1021 4041 1096 4138 pol.
1115 4037 1324 4120 latimdinis
1344 4041 1537 4142 habebat,
1563 4031 1612 4114 ad
1633 4059 1734 4150 1490

401 4138 636 4238 perticarum
663 4138 880 4246 distantiam
910 4143 978 4222 vix
1013 4141 1204 4221 decimam
1231 4165 1348 4244 aquae
1381 4161 1527 4240 partem
1551 4134 1702 4218 sudent
1720 4189 1737 4235 ,

403 4263 517 4358 quam
544 4239 595 4324 ad
607 4238 826 4329 &stantum
848 4264 897 4347 go
922 4240 1160 4351 perticarum
1182 4239 1405 4355 suadebat,
1448 4238 1626 4422 quamviss
1647 4263 1733 4338 pro-
