3782 4958
436 491 720 571 Panaeti-10
742 475 789 562 Xss
815 460 886 566 Dr
905 439 1218 568 coronam(
1363 507 1435 587 431
1581 443 1597 478 Γ

163 677 346 756 sirmium
373 671 411 750 δι
437 672 663 772 pallentium
698 665 856 748 immissa
881 665 1058 766 fuerant,
1082 691 1165 748 non
1191 679 1341 750 tantum
1367 669 1486 772 rosis,

162 776 229 854 sed
247 779 284 858 a·
302 797 414 876 aquae
432 769 715 852 vividillimum
733 771 906 848 rosarum
924 767 1111 848 ruborem
1130 769 1321 852 conciliat.

262 881 370 957 XVI.
431 879 533 955 Cum
559 871 709 952 vaccini
734 870 840 952 lauis
864 867 1010 949 oleosae
1033 883 1159 970 partes
1183 897 1204 948 a
1230 873 1307 951 sale
1332 871 1490 972 tartari5

147 982 224 1060 *vel
250 980 340 1058 oleo
365 975 496 1056 tartari
523 993 594 1075 per
618 969 835 1074 deliquium
862 967 1029 1048 admixto
1062 973 1334 1075 resolvuntur,
1358 973 1396 1051 δε
1420 997 1486 1050 ex·

159 1078 407 1182 panduntur,
433 1079 491 1154 lac
517 1074 684 1157 rubente
700 1073 832 1152 colore
845 1069 1032 1172 tingitur3
1058 1073 1110 1150 fic
1130 1071 1242 1152 ctiam
1268 1073 1309 1151 in
1330 1073 1486 1154 animali

159 1205 329 1282 corpore
357 1203 445 1258 cum
465 1176 572 1282 chyli
596 1175 633 1254 δι
656 1171 785 1354 εὴέιῃί
813 1169 1011 1285 albicantis
1040 1189 1166 1272 partes
1191 1173 1335 1254 oleosoe
1357 1202 1378 1251 a
1400 1174 1484 1252 sali-

159 1283 219 1362 nis
246 1278 418 1382 intestini
442 1297 570 1360 motus
593 1274 695 1354 bene
730 1297 792 1352 cio
819 1273 1076 1374 digeruntur,
1102 1275 1333 1375 solvuntur,
1357 1277 1395 1358 δε
1417 1299 1483 1356 ex-

158 1384 405 1486 panduntur,
430 1378 478 1458 fit
499 1395 545 1460 ut
570 1372 774 1458 indusium
802 1371 1038 1455 thoracicum
1063 1370 1205 1456 delatae
1227 1390 1390 1478 repente
1415 1403 1484 1460 ru·

158 1489 296 1589 beant,
320 1485 359 1563 δι
381 1479 534 1580 sanguis
559 1477 668 1557 fiant.
741 1476 954 1572 Plurimos,
970 1475 1121 1580 hosque
1146 1502 1228 1556 non
1247 1476 1483 1576 injucundus

157 1591 313 1668 colores
337 1588 375 1666 δι
395 1575 670 1682 producendi,
699 1577 738 1659 δι
764 1575 1011 1679 permutandi
1034 1575 1169 1659 modos
1194 1581 1253 1661 Cl.
1279 1588 1397 1677 Royan
1416 1577 1483 1657 ad-

157 1691 234 1768 sert
258 1691 300 1768 in
327 1695 538 1795 experimentis
571 1687 613 1759 θ’
640 1683 918 1783 conlimitantia
949 1681 986 1754 dc
1021 1684 1194 1780 coloribru,
1227 1705 1323 1784 quos
1345 1679 1480 1764 sanciti

157 1789 354 1872 brevitatis
376 1785 479 1866 fines
502 1783 607 1862 hunc
630 1781 673 1859 in
696 1777 824 1860 locum
850 1779 1025 1858 inserere
1050 1805 1133 1862 non
1152 1781 1358 1879 patiuntur.

257 1891 387 1973 XVII.
429 1883 594 1986 Spiritus
611 1881 762 1962 fumans
777 1891 875 1986 Bryln·
892 1882 1003 1981 (tm.
1014 1887 1197 1987 Erpha),
1212 1883 1296 1984 post
1314 1881 1481 1964 affusum

156 1994 332 2098 spiritum
358 1987 454 2068 nitri
476 1982 543 2098 vel
565 1981 715 2062 vitrioli
733 1983 775 2061 in
794 1980 963 2061 viridem
982 2001 1247 2093 commutatur.

260 2095 410 2178 XVIII.
468 2091 698 2166 Trituretur
723 2083 943 2163 Mercurius
959 2105 1074 2164 vivus
1089 2109 1176 2164 cum
1196 2083 1394 2183 sulphure,
1411 2083 1482 2160 ob-

154 2197 345 2276 tinebitur
356 2188 484 2308 pulvis
500 2186 635 2286 niger3
670 2185 736 2361 gui
756 2184 883 2283 pulvis
900 2207 970 2282 per
988 2183 1119 2284 ignem
1142 2186 1368 2268 sublimatus
1384 2209 1479 2263 cons

155 2297 329 2378 vertitur
354 2319 397 2371 1n
417 2287 657 2370 cinnabarim
697 2285 851 2384 uscam3
884 2307 976 2388 quae
1002 2285 1111 2366 massa
1133 2285 1300 2368 contrita
1325 2285 1368 2366 in
1393 2286 1481 2388 pul·

152 2421 311 2491 veremq
329 2394 434 2474 dabit
459 2387 670 2469 cinabarim
690 2385 964 2467 ruberrimam.
1099 2443 1105 2454 .

259 2500 365 2579 XIX.
417 2487 658 2589 Compofitus
682 2488 812 2590 liquor
837 2513 885 2566 ex
910 2486 1046 2586 spiritu
1060 2487 1160 2592 vini,
1175 2493 1252 2570 sale
1271 2488 1480 2571 ammonia*

158 2625 232 2702 co,
259 2605 296 2682 δι
325 2595 489 2677 contusis
514 2589 747 2670 carbonibus
765 2591 984 2690 imponatur
1008 2591 1141 2692 prunis
1156 2592 1198 2672 in
1217 2591 1306 2672 vase
1322 2617 1481 2690 cupreo,

154 2717 198 2782 ut
221 2698 492 2795 accendatur,
516 2693 644 2770 rubra
669 2716 832 2791 corpora
857 2691 1097 2772 videbuntur
1123 2693 1165 2772 in
1197 2696 1267 2772 hac
1292 2693 1379 2770 luce
1403 2691 1480 2769 else

114 2878 119 2887 .
155 2793 532 2884 caeruleo-aurantii
569 2791 740 2896 coloras3
768 2791 848 2871 imo
869 2792 986 2873 iacies
1011 2793 1264 2894 praesentium
1289 2793 1480 2892 pallorem

152 2903 328 2986 reserent
352 2895 591 2978 normalem.

222 3031 227 3058 i
258 3007 345 3085 XX.
408 3003 572 3078 Naturas
598 3013 810 3090 corporum
844 3015 924 3072 non
948 3017 1037 3074 raro
1059 3019 1107 3074 ex
1140 2994 1336 3074 coloribus
1360 3013 1478 3092 agno-

154 3108 322 3204 sermm„
337 3101 464 3180 veluti
490 3121 538 3176 ex
562 3097 679 3177 urina
704 3093 920 3176 sanitatem:
947 3093 1169 3176 sublimatus
1191 3095 1411 3176 Mercurius
1429 3091 1478 3169 ab

152 3209 247 3290 oleo
275 3202 429 3285 Tartari
454 3223 527 3301 per
553 3197 631 3276 deli
662 3195 769 3275 uium
797 3199 918 3275 flavus
943 3197 1153 3294 redditur,
1188 3223 1275 3277 cum
1304 3196 1478 3298 geminus

154 3313 243 3409 est,
278 3307 369 3384 dum
393 3327 490 3384 vero
516 3300 563 3378 ab
589 3225 731 3378 eoiem
757 3296 848 3375 oleo
883 3297 1078 3402 nigricat,
1109 3297 1323 3380 admixtum
1348 3297 1477 3376 eidem

154 3409 230 3490 elie
248 3407 462 3490 arsenicum
488 3401 709 3502 cognosces„
910 3489 912 3494 Ι
1599 3471 1604 3480 Ι

254 3513 361 3592 XXI·
410 3513 544 3585 Altam
643 3525 679 3578 m
707 3493 1019 3602 sympatheticum
1038 3502 1215 3604 pluribus
1237 3495 1362 3580 modis
1388 3517 1648 3580 con-mm

155 3611 316 3693 ficitur:
350 3619 542 3710 coquatur
601 3601 850 3783 ithargKrium
870 3601 994 3706 vulgo
1021 3602 1289 3695 &ilbenlfflet
1310 3596 1375 3679 vel
1404 3595 1647 3706 sac-rumpun-

155 3739 286 3795 carum
313 3709 465 3792 Saturni
485 3707 524 3786 in
542 3717 651 3785 aceto
671 3703 709 3781 di
747 3703 852 3781 illato
869 3727 882 3802 3
916 3701 1103 3806 scriptura
1127 3707 1200 3784 hoc
1216 3703 1374 3800 liquore
1390 3709 1617 3812 exa-pathera·-

156 3831 236 3894 rata
261 3841 344 3894 non
372 3811 448 3890 erit
473 3809 515 3887 in
542 3809 669 3885 charta
692 3804 877 3905 vifibilis3
903 3829 1043 3886 verum
1070 3806 1098 3880 fi
1123 3803 1276 3902 spiritus
1301 3801 1568 3902 sumanS,cum·

154 3917 223 3996 seu
244 3915 411 3996 tinslura
437 3908 628 4009 sulphuris
651 3913 782 4008 Boysri,
818 3929 868 3983 ex
893 3905 1087 4008 sulphuris
1109 3903 1224 4005 vivi,
1258 3903 1345 3982 salis
1370 3929 1475 3984 amo-

156 4019 288 4117 niaci‚
318 4017 356 4094 δι
386 4009 500 4093 calcis
528 4010 634 4089 vivae
666 4009 881 4109 aequalibus
904 4010 1078 4103 partibus
1101 4024 1257 4108 parata,
1288 4005 1340 4088 ita
1372 4003 1477 4086 inira

152 4119 382 4216 scripturam
404 4117 573 4206 fistatur,
596 4125 639 4192 ut
665 4112 791 4188 charta
816 4107 998 4212 inscripta
1024 4111 1172 4192 sumum
1189 4109 1394 4190 abeuntem
1410 4133 1477 4186 ex⁴

155 4219 301 4318 cipiet:
323 4217 447 4324 velsi
474 4211 639 4294 decoctu
665 4235 716 4292 ex
736 4211 1011 4318 auripigmenti
1037 4211 1208 4316 partibus
1223 4237 1262 4318 ao
1277 4210 1394 4293 cachs
1418 4205 1476 4288 vi·

1361 4331 1428 4390 vae
