3782 4958
251 479 1281 565 Parnm.Danaum-nsrasomonorum.
1362 501 1441 606 319

154 671 224 750 ΑΒ
252 667 462 768 opposuit3
490 691 571 771 quo
595 665 740 748 salium
760 663 836 765 est,
864 680 908 748 ut
925 662 1028 744 radii
1049 689 1104 744 ex
1129 665 1264 766 majori
1288 665 1396 744 iente
1416 663 1488 744 AB

10 847 11 854 Ν
154 770 196 854 in
223 767 418 848 minorem
434 773 520 868 ,CD
547 767 789 865 incidentes,
815 789 864 846 ex
889 767 960 846 hac
983 769 1026 846 in
1043 764 1186 848 aritius
1211 765 1369 867 spatium
1391 787 1489 844 con-

10 866 18 927 l
151 870 424 972 traherentur,
450 869 723 1048 minoremrlpue
757 868 925 979 locum,
962 877 982 954 ll
1011 891 1151 968 nempe
1185 869 1377 962 linearum
1402 867 1488 944 effi·

152 985 290 1050 cerent
307 997 320 1072 3
347 995 435 1052 cum
451 985 581 1052 tamen
608 973 648 1051 so
667 997 723 1050 rus
739 971 894 1070 majoris
909 970 1027 1048 lentis
1042 975 1114 1050 AB
1139 971 1254 1052 locus
1270 971 1318 1050 ad
1334 979 1382 1068 17}
1400 965 1494 1068 pola

152 1073 269 1150 licem
307 1073 349 1168 in
376 1070 659 1154 semidiametro
687 1086 843 1174 pateret.
919 1075 1025 1152 Lens
1058 1069 1189 1152 minor
1215 1080 1488 1154 vocaturum

8 1189 15 1264 g·
96 1173 98 1178 ’
150 1181 348 1274 catenum,
373 1171 479 1276 quod
504 1198 645 1278 nempe
671 1173 846 1252 radiosa
865 1173 1002 1271 majori
1029 1173 1135 1253 iente
1160 1177 1237 1274 jam
1257 1167 1489 1252 constriiios

23 1300 27 1313 ·
151 1275 193 1352 in
216 1275 413 1354 minorem
441 1275 571 1360 focum
589 1277 756 1376 colligat
819 1283 901 1354 Hac
930 1271 1200 1378 dupiicilente
1223 1275 1488 1372 maximopere

151 1375 374 1458 intenditur
400 1377 459 1458 ris
486 1375 662 1476 urendi,
689 1399 817 1481 coque
843 1373 984 1478 magis,
1009 1403 1089 1480 quo
1111 1381 1201 1456 lens
1223 1379 1303 1458 AB
1329 1367 1488 1487 majoris
1525 1461 1532 1475 Ι

153 1475 332 1556 diametri
353 1479 507 1578 suerit,
559 1488 872 1578 Oportetautem
900 1478 1025 1558 lentes
1052 1475 1187 1560 eosstu
1213 1476 1421 1573 collocari,
1444 1483 1488 1572 ut

150 1579 286 1656 minor
311 1577 356 1658 fit
380 1579 564 1680 parallela
587 1576 751 1684 majorj3
794 1575 903 1680 quod
932 1602 986 1658 cx
1015 1583 1187 1678 loratur,
1221 1577 1319 1658 dum
1348 1576 1497 1674 lumea,

6 1727 10 1792 ᾗ
109 1769 113 1777 ¹
150 1679 278 1759 solare
305 1701 376 1779 per
407 1685 591 1782 majorem
614 1683 764 1760 lentem
792 1685 862 1760 AB
888 1691 946 1758 tra
993 1679 1118 1778 milia,
1152 1681 1195 1759 in
1217 1679 1351 1758 charta
1376 1699 1489 1755 mun·

5 1793 10 1880 l
153 1777 233 1880 da,
260 1804 353 1886 quae
380 1781 524 1862 minori
553 1783 647 1864 lenti
676 1779 750 1862 CD
778 1779 1128 1886 superimponitur,
1156 1781 1348 1861 circulum
1369 1799 1489 1878 regu·

5 1881 9 1964 l
149 1883 274 1960 larem
301 1882 490 1979 elibrmat.
568 1885 675 1966 Alias
700 1881 878 1962 distantia
901 1881 1015 1984 soci,
1047 1897 1128 1962 tum
1153 1885 1371 1983 majorum,
1402 1891 1501 1970 tum,

145 1984 351 2064 minorum
375 2005 698 2086 quarumcunque
733 1981 928 2082 lentium,
961 1982 1031 2062 hac
1055 1982 1208 2063 ratione
1236 1983 1487 2164 exsploratur:
1523 2031 1525 2036 ,

151 2083 267 2169 lentis
292 2085 519 2184 superficies
549 2101 591 2164 te
616 2087 698 2168 itur
729 2085 858 2183 charta
894 2083 1034 2184 nigra,
1067 2083 1246 2184 pluribus
1272 2081 1488 2164 oramellrs

150 2183 331 2286 pertusa,
356 2185 571 2286 opponitur
594 2110 677 2266 inci
698 2187 930 2289 cuicunque
955 2197 1018 2266 aut
1044 2183 1158 2286 solis,
1183 2199 1250 2264 aut
1276 2186 1407 2283 lunae,
1423 2195 1488 2260 aut

94 2341 122 2390 .,
152 2281 434 2388 candelarum,
462 2285 560 2364 radii
585 2311 659 2388 per
682 2286 884 2365 loramella
908 2287 1151 2366 transeuntes
1176 2285 1420 2368 videbuntur
1445 2282 1487 2360 in

4 2389 6 2404 ’
153 2385 244 2468 loco
271 2389 512 2487 congregari
587 2385 786 2467 Minorum
809 2387 978 2467 lentium
1013 2389 1126 2470 socus
1152 2387 1267 2468 etiam
1296 2389 1348 2467 lic
1382 2385 1487 2463 dete-

3 2525 5 2540 =
145 2482 285 2586 gitur:
320 2489 366 2566 fit
388 2513 543 2568 camera
570 2488 615 2568 in
642 2513 760 2592 quam
784 2485 855 2566 lux
877 2491 1041 2570 transeat
1062 2513 1136 2592 per
1159 2515 1276 2572 unam
1305 2491 1488 2571 duntaxat

3 2611 5 2690 ξ
149 2587 387 2690 fenestram:
414 2587 461 2668 ad
482 2614 657 2688 murum,
683 2586 775 2670 huic
795 2587 980 2694 fenestrae
1002 2592 1244 2693 oppositum,
1269 2591 1486 2696 applicetur

3 2693 18 2736 ξ’
152 2687 369 2772 leminea
391 2689 602 2788 distantia,
630 2689 759 2772 <lonae
785 2689 954 2775 fenestra
978 2693 1059 2792 ipsa
1084 2691 1125 2772 dr
1143 2691 1299 2794 objeita
1326 2707 1487 2771 externa

3 2851 5 2904 ᾗ
151 2815 225 2891 per
249 2792 396 2870 lentem
423 2791 466 2870 in
492 2817 606 2870 muro
633 2791 736 2872 clare
761 2789 1053 2894 depingantur3
1080 2819 1173 2894 quae
1204 2789 1384 2874 diliantia
1410 2787 1486 2867 erit

3 2939 5 2992 2
147 2893 241 2972 loci.
293 2891 484 2992 Praecipui
507 2887 669 2972 effeiius
695 2887 860 2992 lentium
887 2893 1321 2978 Tschirnhausranarum
1347 2891 1389 2994 in
1413 2891 1484 2970 Hi·

89 3067 91 3072 ,
150 2995 269 3074 storia
296 2993 418 3074 Acad.
443 2993 583 3095 Regiae
606 2993 721 3072 Paris.
752 2998 802 3072 A.
830 3007 927 3096 1699
953 3010 1339 3096 commemorantur,
1363 3018 1482 3100 quos,

147 3117 228 3178 ceu
254 3093 528 3196 admirabiles,
550 3095 595 3194 'in
620 3094 728 3174 hunc
745 3091 903 3174 referre
924 3097 1054 3186 locum
1066 3095 1129 3176 est
1139 3097 1254 3197 opus'.
1359 3093 1361 3102 '

248 3201 284 3313 i.
311 3219 398 3298 370,
447 3195 678 3296 Plumbum,
705 3195 903 3298 stannum,
926 3199 1077 3280 serrum
1092 3212 1233 3280 caetera
1260 3221 1321 3278 ue.
1331 3195 1486 3276 metalla
1535 3207 1660 3304 ΕΜ.

148 3299 372 3377 hrevrffimo
397 3312 572 3402 tempore
599 3295 856 3396 candescunt,
878 3303 920 3382 da
945 3299 1197 3403 funduntur3
1220 3225 1394 3382 duston
1419 3309 1627 3386 au-lmlum

147 3413 228 3478 tem
251 3397 360 3500 cupri
386 3399 462 3477 hoc
488 3395 607 3478 modo
633 3399 791 3518 lusum,
831 3402 870 3482 dr
897 3401 940 3480 in
968 3401 1314 3508 aquamfrigidam
1342 3399 1648 3507 celeri-isthim-
1707 3405 1710 3416 “

148 3514 212 3580 ter
237 3497 453 3606 injeiium,
484 3514 633 3581 tanturn
661 3505 850 3600 impetum
886 3501 987 3582 inibi
1020 3501 1178 3608 exerit,
1215 3525 1259 3588 ut
1282 3500 1482 3585 sorriffima
1499 3509 1659 3609 lantan-

147 3603 266 3682 etiam
293 3599 428 3682 fictilia
453 3599 666 3704 diffiliant,
698 3603 736 3684 dc
771 3627 936 3706 cuprum
961 3621 1128 3710 totum,
1163 3629 1215 3686 ne
1245 3628 1369 3707 grano
1394 3601 1481 3706 qui·
1499 3637 1583 3690 rau.

147 3703 243 3782 dem
272 3703 475 3803 superstite
506 3704 644 3782 avolet.
722 3702 893 3804 Lignum
916 3707 1181 3814 cujuscunque
1205 3705 1378 3808 speciei,
1397 3703 1478 3804 ari·

149 3804 265 3903 dum,
290 3819 356 3884 aut
382 3825 541 3906 recena,
565 3804 679 3882 etiam
705 3805 813 3908 'aquis
837 3803 1087 3909 immersum,-
1112 3820 1310 3888 momento
1329 3805 1478 3910 tempo·

148 3908 202 3988 ris
228 3907 495 3986 inflammatur.
551 3905 719 4006 Tegulae
745 3907 945 4009 lateritiae,
969 3924 1095 4008 terra,
1122 3907 1283 4011 lapides,
1307 3908 1481 4015 pumicea
1586 3939 1592 3950 ·

145 4003 451 4107 incandescunt,
475 4007 514 4086 dr
538 4008 580 4087 in
598 4009 743 4088 vitrum
773 4013 929 4090 abeunt
979 4016 1135 4092 Aurum
1152 4011 1267 4096 etiam
1286 4011 1480 4098 vitriiica·

146 4127 233 4204 tur,
260 4109 297 4188 dc
323 4111 500 4189 colorem
528 4130 768 4208 purpureum
789 4111 1110 4212 elegantiffimum
1132 4118 1311 4218 acquirit.
1376 4114 1416 4195 Si
1433 4117 1477 4198 in

140 4211 322 4292 ,carbone
347 4235 371 4294 e
396 4209 506 4317 ligno
536 4207 687 4293 duriori
717 4208 831 4296 fovea
864 4217 1283 4325 excavatur,‚injciia
1315 4223 1357 4306 in
1375 4215 1480 4398 imm

441 4379 446 4388 .
1320 4339 1325 4348 '
1393 4344 1434 4397 o-
