<?xml version="1.0" encoding="UTF-8"?>
<!DOCTYPE html PUBLIC "-//W3C//DTD XHTML 1.0 Transitional//EN"
    "http://www.w3.org/TR/xhtml1/DTD/xhtml1-transitional.dtd">
<html xmlns="http://www.w3.org/1999/xhtml" xml:lang="en" lang="en">
 <head>
  <title>
</title>
<meta http-equiv="Content-Type" content="text/html;charset=utf-8" />
  <meta name='ocr-system' content='tesseract 3.04.00' />
  <meta name='ocr-capabilities' content='ocr_page ocr_carea ocr_par ocr_line ocrx_word'/>
</head>
<body>
  <div class='ocr_page' id='page_1' title='image "./florianidalhami00dalhgoog_0057.png"; bbox 0 0 3900 4956; ppageno 0'>
   <div class='ocr_carea' id='block_1_1' title="bbox 309 505 1512 608">
    <p class='ocr_par' dir='ltr' id='par_1_1' title="bbox 309 505 1512 608">
     <span class='ocr_line' id='line_1_1' title="bbox 309 505 1512 608; baseline -0.023 -11"><span class='ocrx_word' id='word_1_1' title='bbox 309 505 1394 608; x_wconf 70' lang='lat' dir='ltr'>Pinuacriolv.DaEiirieiis.Cditriii.crIiiaoitorii.</span> <span class='ocrx_word' id='word_1_2' title='bbox 1451 513 1512 598; x_wconf 78' lang='lat'>53·</span> 
     </span>
    </p>
   </div>
   <div class='ocr_carea' id='block_1_2' title="bbox 211 687 1673 2412">
    <p class='ocr_par' dir='ltr' id='par_1_2' title="bbox 211 687 1548 908">
     <span class='ocr_line' id='line_1_2' title="bbox 216 687 1548 804; baseline -0.018 -20"><span class='ocrx_word' id='word_1_3' title='bbox 216 705 340 804; x_wconf 76' lang='lat' dir='ltr'>exienfio</span> <span class='ocrx_word' id='word_1_4' title='bbox 357 704 520 800; x_wconf 48' lang='lat' dir='ltr'>conium,</span> <span class='ocrx_word' id='word_1_5' title='bbox 547 691 664 790; x_wconf 77' lang='lat' dir='ltr'>euius</span> <span class='ocrx_word' id='word_1_6' title='bbox 681 703 809 791; x_wconf 80' lang='lat' dir='ltr'>partes</span> <span class='ocrx_word' id='word_1_7' title='bbox 834 694 946 792; x_wconf 83' lang='lat' dir='ltr'>juxta</span> <span class='ocrx_word' id='word_1_8' title='bbox 971 687 1011 768; x_wconf 78' lang='lat' dir='ltr'>fe</span> <span class='ocrx_word' id='word_1_9' title='bbox 1037 689 1126 771; x_wconf 88' lang='lat' dir='ltr'>fuiit</span> <span class='ocrx_word' id='word_1_10' title='bbox 1142 687 1302 792; x_wconf 85' lang='lat' dir='ltr'>positae,</span> <span class='ocrx_word' id='word_1_11' title='bbox 1328 699 1374 764; x_wconf 90' lang='lat' dir='ltr'>ut</span> <span class='ocrx_word' id='word_1_12' title='bbox 1388 687 1455 760; x_wconf 74' lang='lat' dir='ltr'>dna</span> <span class='ocrx_word' id='word_1_13' title='bbox 1478 711 1548 762; x_wconf 77' lang='lat' dir='ltr'>ma-</span> 
     </span>
     <span class='ocr_line' id='line_1_3' title="bbox 211 802 728 908; baseline -0.027 -26"><span class='ocrx_word' id='word_1_14' title='bbox 211 837 271 890; x_wconf 78' lang='lat' dir='ltr'>niis</span> <span class='ocrx_word' id='word_1_15' title='bbox 288 805 347 908; x_wconf 74' lang='lat' dir='ltr'>fibi</span> <span class='ocrx_word' id='word_1_16' title='bbox 359 802 540 902; x_wconf 73' lang='lat' dir='ltr'>acsjacentes.</span> <span class='ocrx_word' id='word_1_17' title='bbox 726 887 728 891; x_wconf 18' lang='grc' dir='ltr'>ι</span> 
     </span>
    </p>

    <p class='ocr_par' dir='ltr' id='par_1_3' title="bbox 213 886 1673 2412">
     <span class='ocr_line' id='line_1_4' title="bbox 331 886 1551 1010; baseline -0.01 -34"><span class='ocrx_word' id='word_1_18' title='bbox 331 909 367 1004; x_wconf 83' lang='lat'>§.</span> <span class='ocrx_word' id='word_1_19' title='bbox 392 916 455 996; x_wconf 80' lang='lat'>25.</span> <span class='ocrx_word' id='word_1_20' title='bbox 482 890 600 975; x_wconf 88' lang='lat' dir='ltr'>Omni</span> <span class='ocrx_word' id='word_1_21' title='bbox 623 894 720 971; x_wconf 84' lang='lat' dir='ltr'>liora</span> <span class='ocrx_word' id='word_1_22' title='bbox 744 908 863 1010; x_wconf 87' lang='lat' dir='ltr'>atque</span> <span class='ocrx_word' id='word_1_23' title='bbox 892 907 1096 972; x_wconf 88' lang='lat' dir='ltr'>momento</span> <span class='ocrx_word' id='word_1_24' title='bbox 1128 889 1383 972; x_wconf 81' lang='lat' dir='ltr'>obversantur</span> <span class='ocrx_word' id='word_1_25' title='bbox 1412 886 1551 968; x_wconf 90' lang='lat' dir='ltr'>nostris</span> 
     </span>
     <span class='ocr_line' id='line_1_5' title="bbox 213 989 1550 1097; baseline -0.015 -11"><span class='ocrx_word' id='word_1_26' title='bbox 213 1004 342 1086; x_wconf 84' lang='lat' dir='ltr'>oculis</span> <span class='ocrx_word' id='word_1_27' title='bbox 358 1023 528 1097; x_wconf 86' lang='lat' dir='ltr'>corpora</span> <span class='ocrx_word' id='word_1_28' title='bbox 546 993 750 1093; x_wconf 90' lang='lat' dir='ltr'>continua,</span> <span class='ocrx_word' id='word_1_29' title='bbox 767 993 943 1097; x_wconf 87' lang='lat' dir='ltr'>nihilque</span> <span class='ocrx_word' id='word_1_30' title='bbox 961 995 1209 1075; x_wconf 88' lang='lat' dir='ltr'>communius</span> <span class='ocrx_word' id='word_1_31' title='bbox 1229 994 1286 1071; x_wconf 90' lang='lat' dir='ltr'>his</span> <span class='ocrx_word' id='word_1_32' title='bbox 1306 989 1380 1069; x_wconf 89' lang='lat' dir='ltr'>effe</span> <span class='ocrx_word' id='word_1_33' title='bbox 1402 991 1550 1090; x_wconf 85' lang='lat' dir='ltr'>potest3</span> 
     </span>
     <span class='ocr_line' id='line_1_6' title="bbox 214 1093 1555 1206; baseline -0.014 -21"><span class='ocrx_word' id='word_1_34' title='bbox 214 1131 357 1206; x_wconf 74' lang='lat' dir='ltr'>verum</span> <span class='ocrx_word' id='word_1_35' title='bbox 387 1095 620 1204; x_wconf 81' lang='lat' dir='ltr'>quomodo,</span> <span class='ocrx_word' id='word_1_36' title='bbox 650 1112 717 1177; x_wconf 85' lang='lat' dir='ltr'>aut</span> <span class='ocrx_word' id='word_1_37' title='bbox 741 1121 819 1198; x_wconf 88' lang='lat' dir='ltr'>qua</span> <span class='ocrx_word' id='word_1_38' title='bbox 846 1099 995 1174; x_wconf 89' lang='lat' dir='ltr'>virtute</span> <span class='ocrx_word' id='word_1_39' title='bbox 1019 1117 1233 1196; x_wconf 84' lang='lat' dir='ltr'>corporum</span> <span class='ocrx_word' id='word_1_40' title='bbox 1263 1109 1393 1192; x_wconf 88' lang='lat' dir='ltr'>partes</span> <span class='ocrx_word' id='word_1_41' title='bbox 1421 1093 1555 1170; x_wconf 85' lang='lat' dir='ltr'>coliae-</span> 
     </span>
     <span class='ocr_line' id='line_1_7' title="bbox 213 1193 1557 1300; baseline -0.016 -10"><span class='ocrx_word' id='word_1_42' title='bbox 213 1223 326 1290; x_wconf 86' lang='lat' dir='ltr'>reant</span> <span class='ocrx_word' id='word_1_43' title='bbox 346 1209 363 1284; x_wconf 71' lang='grc' dir='ltr'><strong>ἓ</strong></span> <span class='ocrx_word' id='word_1_44' title='bbox 389 1220 465 1282; x_wconf 86' lang='lat' dir='ltr'>tam</span> <span class='ocrx_word' id='word_1_45' title='bbox 486 1195 655 1280; x_wconf 85' lang='lat' dir='ltr'>difficilis</span> <span class='ocrx_word' id='word_1_46' title='bbox 672 1213 791 1300; x_wconf 85' lang='lat' dir='ltr'>atque</span> <span class='ocrx_word' id='word_1_47' title='bbox 810 1196 991 1275; x_wconf 83' lang='lat' dir='ltr'>abstrusae</span> <span class='ocrx_word' id='word_1_48' title='bbox 1019 1197 1276 1298; x_wconf 77' lang='lat' dir='ltr'>indagationis</span> <span class='ocrx_word' id='word_1_49' title='bbox 1293 1194 1371 1294; x_wconf 89' lang='lat' dir='ltr'>est,</span> <span class='ocrx_word' id='word_1_50' title='bbox 1401 1217 1446 1274; x_wconf 83' lang='lat' dir='ltr'>ac</span> <span class='ocrx_word' id='word_1_51' title='bbox 1464 1193 1490 1268; x_wconf 90' lang='lat' dir='ltr'>fi</span> <span class='ocrx_word' id='word_1_52' title='bbox 1510 1216 1557 1269; x_wconf 88' lang='lat' dir='ltr'>ea</span> 
     </span>
     <span class='ocr_line' id='line_1_8' title="bbox 215 1292 1557 1412; baseline -0.017 -20"><span class='ocrx_word' id='word_1_53' title='bbox 215 1323 419 1412; x_wconf 83' lang='lat' dir='ltr'>nunqnam</span> <span class='ocrx_word' id='word_1_54' title='bbox 438 1301 680 1382; x_wconf 84' lang='lat' dir='ltr'>videremus.</span> <span class='ocrx_word' id='word_1_55' title='bbox 736 1297 905 1399; x_wconf 85' lang='lat' dir='ltr'>Quidam</span> <span class='ocrx_word' id='word_1_56' title='bbox 925 1296 1104 1380; x_wconf 86' lang='lat' dir='ltr'>continui</span> <span class='ocrx_word' id='word_1_57' title='bbox 1130 1315 1257 1396; x_wconf 86' lang='lat' dir='ltr'>partes</span> <span class='ocrx_word' id='word_1_58' title='bbox 1271 1298 1480 1376; x_wconf 88' lang='lat' dir='ltr'>cohaerere</span> <span class='ocrx_word' id='word_1_59' title='bbox 1500 1292 1557 1370; x_wconf 91' lang='lat' dir='ltr'>di·</span> 
     </span>
     <span class='ocr_line' id='line_1_9' title="bbox 217 1393 1559 1498; baseline -0.016 -7"><span class='ocrx_word' id='word_1_60' title='bbox 217 1427 314 1490; x_wconf 88' lang='lat' dir='ltr'>cunt</span> <span class='ocrx_word' id='word_1_61' title='bbox 335 1405 496 1488; x_wconf 84' lang='lat' dir='ltr'>diversis</span> <span class='ocrx_word' id='word_1_62' title='bbox 516 1400 635 1478; x_wconf 89' lang='lat' dir='ltr'>hamis</span> <span class='ocrx_word' id='word_1_63' title='bbox 664 1403 701 1481; x_wconf 75' lang='lat' dir='ltr'>di</span> <span class='ocrx_word' id='word_1_64' title='bbox 724 1398 886 1498; x_wconf 76' lang='lat' dir='ltr'>ansulis,</span> <span class='ocrx_word' id='word_1_65' title='bbox 913 1401 1021 1478; x_wconf 86' lang='lat' dir='ltr'>bunc</span> <span class='ocrx_word' id='word_1_66' title='bbox 1044 1397 1084 1476; x_wconf 90' lang='lat' dir='ltr'>in</span> <span class='ocrx_word' id='word_1_67' title='bbox 1100 1399 1221 1478; x_wconf 89' lang='lat' dir='ltr'>finem</span> <span class='ocrx_word' id='word_1_68' title='bbox 1247 1395 1414 1477; x_wconf 88' lang='lat' dir='ltr'>minimis</span> <span class='ocrx_word' id='word_1_69' title='bbox 1442 1393 1559 1492; x_wconf 89' lang='lat' dir='ltr'>parti-</span> 
     </span>
     <span class='ocr_line' id='line_1_10' title="bbox 216 1494 1673 1602; baseline -0.012 -12"><span class='ocrx_word' id='word_1_70' title='bbox 216 1513 509 1591; x_wconf 83' lang='lat' dir='ltr'>culisanatura</span> <span class='ocrx_word' id='word_1_71' title='bbox 527 1503 694 1580; x_wconf 83' lang='lat' dir='ltr'>collatis.</span> <span class='ocrx_word' id='word_1_72' title='bbox 748 1499 829 1578; x_wconf 79' lang='lat' dir='ltr'>Alii</span> <span class='ocrx_word' id='word_1_73' title='bbox 855 1502 954 1578; x_wconf 90' lang='lat' dir='ltr'>lianc</span> <span class='ocrx_word' id='word_1_74' title='bbox 978 1500 1145 1598; x_wconf 88' lang='lat' dir='ltr'>partium</span> <span class='ocrx_word' id='word_1_75' title='bbox 1163 1500 1202 1580; x_wconf 92' lang='lat' dir='ltr'>in</span> <span class='ocrx_word' id='word_1_76' title='bbox 1221 1499 1327 1602; x_wconf 87' lang='lat' dir='ltr'>ligno</span> <span class='ocrx_word' id='word_1_77' title='bbox 1343 1515 1409 1579; x_wconf 88' lang='lat' dir='ltr'>aut</span> <span class='ocrx_word' id='word_1_78' title='bbox 1427 1494 1557 1594; x_wconf 84' lang='lat' dir='ltr'>lapide</span> <span class='ocrx_word' id='word_1_79' title='bbox 1669 1499 1673 1511; x_wconf 90' lang='lat'>&#39;</span> 
     </span>
     <span class='ocr_line' id='line_1_11' title="bbox 215 1593 1558 1700; baseline -0.013 -10"><span class='ocrx_word' id='word_1_80' title='bbox 215 1614 479 1692; x_wconf 88' lang='lat' dir='ltr'>cohaefionem</span> <span class='ocrx_word' id='word_1_81' title='bbox 506 1600 685 1683; x_wconf 86' lang='lat' dir='ltr'>derivant</span> <span class='ocrx_word' id='word_1_82' title='bbox 712 1602 889 1700; x_wconf 71' lang='lat' dir='ltr'>abieris,</span> <span class='ocrx_word' id='word_1_83' title='bbox 910 1619 976 1682; x_wconf 85' lang='lat' dir='ltr'>aut</span> <span class='ocrx_word' id='word_1_84' title='bbox 1001 1598 1114 1680; x_wconf 86' lang='lat' dir='ltr'>etiam</span> <span class='ocrx_word' id='word_1_85' title='bbox 1144 1601 1302 1680; x_wconf 88' lang='lat' dir='ltr'>aetheris</span> <span class='ocrx_word' id='word_1_86' title='bbox 1327 1593 1558 1682; x_wconf 78' lang='lat' dir='ltr'>circumfusi</span> 
     </span>
     <span class='ocr_line' id='line_1_12' title="bbox 216 1700 1558 1883; baseline -0.01 -96"><span class='ocrx_word' id='word_1_87' title='bbox 216 1715 439 1815; x_wconf 78' lang='lat' dir='ltr'>preffione;</span> <span class='ocrx_word' id='word_1_88' title='bbox 487 1712 595 1808; x_wconf 87' lang='lat' dir='ltr'>Quae</span> <span class='ocrx_word' id='word_1_89' title='bbox 615 1721 745 1784; x_wconf 87' lang='lat' dir='ltr'>tamen</span> <span class='ocrx_word' id='word_1_90' title='bbox 775 1725 914 1782; x_wconf 86' lang='lat' dir='ltr'>revera</span> <span class='ocrx_word' id='word_1_91' title='bbox 939 1705 1065 1783; x_wconf 79' lang='lat' dir='ltr'>causae</span> <span class='ocrx_word' id='word_1_92' title='bbox 1086 1706 1367 1883; x_wconf 51' lang='lat' dir='ltr'>phaenomena„</span> <span class='ocrx_word' id='word_1_93' title='bbox 1387 1700 1558 1813; x_wconf 83' lang='lat' dir='ltr'>explica-</span> 
     </span>
     <span class='ocr_line' id='line_1_13' title="bbox 215 1801 1555 1909; baseline -0.009 -17"><span class='ocrx_word' id='word_1_94' title='bbox 215 1813 316 1892; x_wconf 85' lang='lat' dir='ltr'>tioni</span> <span class='ocrx_word' id='word_1_95' title='bbox 333 1839 413 1893; x_wconf 93' lang='lat' dir='ltr'>non</span> <span class='ocrx_word' id='word_1_96' title='bbox 430 1805 641 1889; x_wconf 88' lang='lat' dir='ltr'>sufficiunt.</span> <span class='ocrx_word' id='word_1_97' title='bbox 688 1803 798 1909; x_wconf 86' lang='lat' dir='ltr'>&#39;Quis</span> <span class='ocrx_word' id='word_1_98' title='bbox 810 1805 912 1885; x_wconf 88' lang='lat' dir='ltr'>enim</span> <span class='ocrx_word' id='word_1_99' title='bbox 933 1807 998 1886; x_wconf 91' lang='lat' dir='ltr'>sibi</span> <span class='ocrx_word' id='word_1_100' title='bbox 1013 1828 1084 1903; x_wconf 88' lang='lat' dir='ltr'>per</span> <span class='ocrx_word' id='word_1_101' title='bbox 1102 1805 1260 1904; x_wconf 87' lang='lat' dir='ltr'>uadeat,</span> <span class='ocrx_word' id='word_1_102' title='bbox 1279 1805 1416 1886; x_wconf 85' lang='lat' dir='ltr'>caloris</span> <span class='ocrx_word' id='word_1_103' title='bbox 1441 1801 1555 1880; x_wconf 88' lang='lat' dir='ltr'>viha-</span> 
     </span>
     <span class='ocr_line' id='line_1_14' title="bbox 216 1903 1552 2019; baseline -0.011 -25"><span class='ocrx_word' id='word_1_104' title='bbox 216 1937 303 1994; x_wconf 87' lang='lat' dir='ltr'>mos</span> <span class='ocrx_word' id='word_1_105' title='bbox 323 1930 388 1993; x_wconf 89' lang='lat' dir='ltr'>aut</span> <span class='ocrx_word' id='word_1_106' title='bbox 407 1911 552 1990; x_wconf 90' lang='lat' dir='ltr'>ansulas</span> <span class='ocrx_word' id='word_1_107' title='bbox 571 1905 818 1988; x_wconf 88' lang='lat' dir='ltr'>metallorum</span> <span class='ocrx_word' id='word_1_108' title='bbox 838 1907 890 1984; x_wconf 90' lang='lat' dir='ltr'>ita</span> <span class='ocrx_word' id='word_1_109' title='bbox 906 1903 1128 2019; x_wconf 73' lang='lat' dir='ltr'>confringi,</span> <span class='ocrx_word' id='word_1_110' title='bbox 1154 1921 1199 1986; x_wconf 91' lang='lat' dir='ltr'>ut</span> <span class='ocrx_word' id='word_1_111' title='bbox 1220 1931 1296 1986; x_wconf 91' lang='lat' dir='ltr'>ceu</span> <span class='ocrx_word' id='word_1_112' title='bbox 1314 1931 1415 2010; x_wconf 89' lang='lat' dir='ltr'>aqua</span> <span class='ocrx_word' id='word_1_113' title='bbox 1430 1907 1552 1984; x_wconf 88' lang='lat' dir='ltr'>fluant</span> 
     </span>
     <span class='ocr_line' id='line_1_15' title="bbox 216 2003 1552 2114; baseline -0.008 -19"><span class='ocrx_word' id='word_1_114' title='bbox 216 2019 384 2114; x_wconf 84' lang='lat' dir='ltr'>metalla,</span> <span class='ocrx_word' id='word_1_115' title='bbox 403 2037 448 2092; x_wconf 88' lang='lat' dir='ltr'>ac</span> <span class='ocrx_word' id='word_1_116' title='bbox 468 2009 669 2090; x_wconf 86' lang='lat' dir='ltr'>desinente</span> <span class='ocrx_word' id='word_1_117' title='bbox 686 2009 818 2086; x_wconf 87' lang='lat' dir='ltr'>calore</span> <span class='ocrx_word' id='word_1_118' title='bbox 835 2031 928 2086; x_wconf 85' lang='lat' dir='ltr'>mox</span> <span class='ocrx_word' id='word_1_119' title='bbox 943 2008 1106 2086; x_wconf 83' lang='lat' dir='ltr'>hamulis</span> <span class='ocrx_word' id='word_1_120' title='bbox 1122 2009 1197 2086; x_wconf 87' lang='lat' dir='ltr'>fuis</span> <span class='ocrx_word' id='word_1_121' title='bbox 1214 2003 1347 2090; x_wconf 86' lang='lat' dir='ltr'>denuo</span> <span class='ocrx_word' id='word_1_122' title='bbox 1362 2011 1552 2095; x_wconf 82' lang='lat' dir='ltr'>instruan-</span> 
     </span>
     <span class='ocr_line' id='line_1_16' title="bbox 217 2106 1552 2216; baseline -0.007 -20"><span class='ocrx_word' id='word_1_123' title='bbox 217 2133 308 2216; x_wconf 89' lang='lat' dir='ltr'>tur,</span> <span class='ocrx_word' id='word_1_124' title='bbox 333 2111 634 2212; x_wconf 87' lang='lat' dir='ltr'>solidiffimeque</span> <span class='ocrx_word' id='word_1_125' title='bbox 649 2110 907 2190; x_wconf 78' lang='lat' dir='ltr'>cohaereant?</span> <span class='ocrx_word' id='word_1_126' title='bbox 960 2106 1061 2214; x_wconf 87' lang='lat' dir='ltr'>Quis</span> <span class='ocrx_word' id='word_1_127' title='bbox 1079 2124 1245 2206; x_wconf 81' lang='lat' dir='ltr'>repente</span> <span class='ocrx_word' id='word_1_128' title='bbox 1269 2111 1333 2186; x_wconf 85' lang='lat' dir='ltr'>lias</span> <span class='ocrx_word' id='word_1_129' title='bbox 1352 2123 1469 2213; x_wconf 82' lang='lat' dir='ltr'>aquae</span> <span class='ocrx_word' id='word_1_130' title='bbox 1488 2134 1552 2186; x_wconf 89' lang='lat' dir='ltr'>an-</span> 
     </span>
     <span class='ocr_line' id='line_1_17' title="bbox 221 2205 1552 2322; baseline -0.011 -23"><span class='ocrx_word' id='word_1_131' title='bbox 221 2220 318 2299; x_wconf 85' lang='lat' dir='ltr'>fulas</span> <span class='ocrx_word' id='word_1_132' title='bbox 346 2229 412 2293; x_wconf 87' lang='lat' dir='ltr'>aut</span> <span class='ocrx_word' id='word_1_133' title='bbox 438 2213 570 2288; x_wconf 89' lang='lat' dir='ltr'>hamos</span> <span class='ocrx_word' id='word_1_134' title='bbox 599 2225 824 2322; x_wconf 76' lang='lat' dir='ltr'>praeparat,</span> <span class='ocrx_word' id='word_1_135' title='bbox 851 2228 895 2289; x_wconf 91' lang='lat' dir='ltr'>ut</span> <span class='ocrx_word' id='word_1_136' title='bbox 919 2209 1069 2312; x_wconf 81' lang='lat' dir='ltr'>frigore</span> <span class='ocrx_word' id='word_1_137' title='bbox 1092 2213 1395 2308; x_wconf 85' lang='lat' dir='ltr'>superveniente</span> <span class='ocrx_word' id='word_1_138' title='bbox 1416 2205 1552 2312; x_wconf 84' lang='lat' dir='ltr'>glaciei</span> 
     </span>
     <span class='ocr_line' id='line_1_18' title="bbox 223 2310 1551 2412; baseline -0.002 -16"><span class='ocrx_word' id='word_1_139' title='bbox 223 2319 408 2396; x_wconf 89' lang='lat' dir='ltr'>duritiem</span> <span class='ocrx_word' id='word_1_140' title='bbox 425 2311 593 2390; x_wconf 69' lang='lat' dir='ltr'>induat?</span> <span class='ocrx_word' id='word_1_141' title='bbox 619 2311 712 2388; x_wconf 87' lang='lat' dir='ltr'>nihil</span> <span class='ocrx_word' id='word_1_142' title='bbox 729 2311 861 2389; x_wconf 84' lang='lat' dir='ltr'>similia</span> <span class='ocrx_word' id='word_1_143' title='bbox 906 2310 1260 2412; x_wconf 83' lang='lat' dir='ltr'>uaerentifirmum,</span> <span class='ocrx_word' id='word_1_144' title='bbox 1281 2312 1551 2394; x_wconf 83' lang='lat' dir='ltr'>nihilsolidum</span> 
     </span>
    </p>
   </div>
   <div class='ocr_carea' id='block_1_3' title="bbox 221 2337 1554 2517">
    <p class='ocr_par' dir='ltr' id='par_1_4' title="bbox 221 2337 1554 2517">
     <span class='ocr_line' id='line_1_19' title="bbox 221 2337 1554 2517; baseline -0.003 -21"><span class='ocrx_word' id='word_1_145' title='bbox 221 2411 538 2517; x_wconf 87' lang='lat' dir='ltr'>respondebitur.</span> <span class='ocrx_word' id='word_1_146' title='bbox 590 2418 745 2493; x_wconf 86' lang='lat' dir='ltr'>Verum</span> <span class='ocrx_word' id='word_1_147' title='bbox 758 2413 866 2512; x_wconf 88' lang='lat' dir='ltr'>plura</span> <span class='ocrx_word' id='word_1_148' title='bbox 879 2337 1165 2493; x_wconf 67' lang='lat' dir='ltr'>deeohaefione</span> <span class='ocrx_word' id='word_1_149' title='bbox 1176 2411 1465 2515; x_wconf 86' lang='lat' dir='ltr'>partiuniinfra.</span> <span class='ocrx_word' id='word_1_150' title='bbox 1549 2492 1554 2502; x_wconf 72' lang='grc'><strong>,</strong></span> 
     </span>
    </p>
   </div>
   <div class='ocr_carea' id='block_1_4' title="bbox 132 2510 1731 4440">
    <p class='ocr_par' dir='ltr' id='par_1_5' title="bbox 132 2510 1731 2716">
     <span class='ocr_line' id='line_1_20' title="bbox 132 2510 1702 2618; baseline 0.004 -24"><span class='ocrx_word' id='word_1_151' title='bbox 132 2591 136 2600; x_wconf 76' lang='grc'><strong>,</strong></span> <span class='ocrx_word' id='word_1_152' title='bbox 323 2521 356 2618; x_wconf 67' lang='lat' dir='ltr'>f.</span> <span class='ocrx_word' id='word_1_153' title='bbox 376 2516 440 2596; x_wconf 84' lang='lat'>26.</span> <span class='ocrx_word' id='word_1_154' title='bbox 467 2525 548 2592; x_wconf 78' lang='lat' dir='ltr'>Zeno</span> <span class='ocrx_word' id='word_1_155' title='bbox 571 2510 664 2590; x_wconf 90' lang='lat' dir='ltr'>olim</span> <span class='ocrx_word' id='word_1_156' title='bbox 687 2514 985 2610; x_wconf 66' lang='lat' dir='ltr'>contendebat,</span> <span class='ocrx_word' id='word_1_157' title='bbox 1013 2515 1247 2599; x_wconf 79' lang='lat' dir='ltr'>continuum</span> <span class='ocrx_word' id='word_1_158' title='bbox 1273 2517 1459 2614; x_wconf 88' lang='lat' dir='ltr'>componi</span> <span class='ocrx_word' id='word_1_159' title='bbox 1484 2515 1552 2594; x_wconf 70' lang='lat' dir='ltr'>de</span> <span class='ocrx_word' id='word_1_160' title='bbox 1581 2526 1702 2601; x_wconf 67' lang='lat' dir='ltr'>Puri&amp;</span> 
     </span>
     <span class='ocr_line' id='line_1_21' title="bbox 222 2612 1731 2716; baseline -0.003 -18"><span class='ocrx_word' id='word_1_161' title='bbox 222 2621 319 2698; x_wconf 89' lang='lat' dir='ltr'>bere</span> <span class='ocrx_word' id='word_1_162' title='bbox 345 2640 396 2696; x_wconf 86' lang='lat' dir='ltr'>ex</span> <span class='ocrx_word' id='word_1_163' title='bbox 412 2612 733 2716; x_wconf 79' lang='lat' dir='ltr'>indiviubiiibus,</span> <span class='ocrx_word' id='word_1_164' title='bbox 763 2614 833 2694; x_wconf 89' lang='lat' dir='ltr'>seu</span> <span class='ocrx_word' id='word_1_165' title='bbox 855 2612 1037 2715; x_wconf 66' lang='lat' dir='ltr'>punitis,</span> <span class='ocrx_word' id='word_1_166' title='bbox 1069 2617 1180 2696; x_wconf 69' lang='lat' dir='ltr'>distis</span> <span class='ocrx_word' id='word_1_167' title='bbox 1205 2615 1433 2700; x_wconf 86' lang='lat' dir='ltr'>Zenonicis.</span> <span class='ocrx_word' id='word_1_168' title='bbox 1488 2616 1731 2708; x_wconf 55' lang='lat' dir='ltr'>Eligam,</span> 
     </span>
    </p>

    <p class='ocr_par' dir='ltr' id='par_1_6' title="bbox 222 2715 1562 4035">
     <span class='ocr_line' id='line_1_22' title="bbox 227 2715 1554 2832; baseline -0.005 -33"><span class='ocrx_word' id='word_1_169' title='bbox 227 2738 358 2800; x_wconf 84' lang='lat' dir='ltr'>autem</span> <span class='ocrx_word' id='word_1_170' title='bbox 382 2720 535 2832; x_wconf 63' lang='lat' dir='ltr'>Pindum</span> <span class='ocrx_word' id='word_1_171' title='bbox 566 2725 783 2812; x_wconf 71' lang='lat' dir='ltr'>Zmintcum,</span> <span class='ocrx_word' id='word_1_172' title='bbox 812 2719 922 2819; x_wconf 93' lang='lat' dir='ltr'>quod</span> <span class='ocrx_word' id='word_1_173' title='bbox 953 2720 1157 2800; x_wconf 87' lang='lat' dir='ltr'>extensum</span> <span class='ocrx_word' id='word_1_174' title='bbox 1181 2719 1342 2822; x_wconf 87' lang='lat' dir='ltr'>quidem</span> <span class='ocrx_word' id='word_1_175' title='bbox 1362 2719 1456 2818; x_wconf 82' lang='lat' dir='ltr'>est,</span> <span class='ocrx_word' id='word_1_176' title='bbox 1485 2715 1554 2794; x_wconf 91' lang='lat' dir='ltr'>fed</span> 
     </span>
     <span class='ocr_line' id='line_1_23' title="bbox 222 2816 1552 2924; baseline -0.005 -24"><span class='ocrx_word' id='word_1_177' title='bbox 222 2825 395 2924; x_wconf 88' lang='lat' dir='ltr'>partibus</span> <span class='ocrx_word' id='word_1_178' title='bbox 416 2840 578 2896; x_wconf 90' lang='lat' dir='ltr'>omnino</span> <span class='ocrx_word' id='word_1_179' title='bbox 598 2835 706 2896; x_wconf 88' lang='lat' dir='ltr'>caret</span> <span class='ocrx_word' id='word_1_180' title='bbox 725 2846 737 2913; x_wconf 81' lang='lat'>3</span> <span class='ocrx_word' id='word_1_181' title='bbox 762 2831 881 2918; x_wconf 89' lang='lat' dir='ltr'>atque</span> <span class='ocrx_word' id='word_1_182' title='bbox 895 2816 936 2894; x_wconf 91' lang='lat' dir='ltr'>in</span> <span class='ocrx_word' id='word_1_183' title='bbox 953 2819 1030 2895; x_wconf 91' lang='lat' dir='ltr'>hoc</span> <span class='ocrx_word' id='word_1_184' title='bbox 1047 2818 1293 2922; x_wconf 88' lang='lat' dir='ltr'>distinguitur</span> <span class='ocrx_word' id='word_1_185' title='bbox 1311 2830 1552 2896; x_wconf 87' lang='lat' dir='ltr'>nontantum</span> 
     </span>
     <span class='ocr_line' id='line_1_24' title="bbox 224 2915 1552 3020; baseline 0.002 -25"><span class='ocrx_word' id='word_1_186' title='bbox 224 2929 371 3004; x_wconf 71' lang='lat' dir='ltr'>arriafli</span> <span class='ocrx_word' id='word_1_187' title='bbox 382 2927 623 3019; x_wconf 69' lang='lat' dir='ltr'>mathematico,</span> <span class='ocrx_word' id='word_1_188' title='bbox 652 2915 815 3019; x_wconf 86' lang='lat' dir='ltr'>quod&amp;</span> <span class='ocrx_word' id='word_1_189' title='bbox 833 2917 1005 3017; x_wconf 88' lang='lat' dir='ltr'>partibus</span> <span class='ocrx_word' id='word_1_190' title='bbox 1025 2919 1064 2994; x_wconf 78' lang='lat' dir='ltr'>dc</span> <span class='ocrx_word' id='word_1_191' title='bbox 1081 2919 1307 2998; x_wconf 80' lang='lat' dir='ltr'>extenfione</span> <span class='ocrx_word' id='word_1_192' title='bbox 1326 2935 1434 3000; x_wconf 88' lang='lat' dir='ltr'>caret</span> <span class='ocrx_word' id='word_1_193' title='bbox 1452 2921 1507 3020; x_wconf 71' lang='lat' dir='ltr'>(l.</span> <span class='ocrx_word' id='word_1_194' title='bbox 1532 2935 1552 3014; x_wconf 81' lang='grc'>5</span> 
     </span>
     <span class='ocr_line' id='line_1_25' title="bbox 227 3015 1557 3124; baseline -0.003 -22"><span class='ocrx_word' id='word_1_195' title='bbox 227 3025 390 3122; x_wconf 80' lang='lat' dir='ltr'>Geomir.)</span> <span class='ocrx_word' id='word_1_196' title='bbox 415 3019 482 3098; x_wconf 89' lang='lat' dir='ltr'>sed</span> <span class='ocrx_word' id='word_1_197' title='bbox 507 3019 621 3100; x_wconf 89' lang='lat' dir='ltr'>etiam</span> <span class='ocrx_word' id='word_1_198' title='bbox 651 3046 672 3095; x_wconf 88' lang='lat' dir='ltr'>a</span> <span class='ocrx_word' id='word_1_199' title='bbox 683 3023 797 3124; x_wconf 71' lang='lat' dir='ltr'>paim</span> <span class='ocrx_word' id='word_1_200' title='bbox 814 3021 949 3119; x_wconf 69' lang='lat' dir='ltr'>phyſso,</span> <span class='ocrx_word' id='word_1_201' title='bbox 976 3015 1086 3118; x_wconf 90' lang='lat' dir='ltr'>quod</span> <span class='ocrx_word' id='word_1_202' title='bbox 1105 3022 1142 3098; x_wconf 70' lang='grc' dir='ltr'>δι</span> <span class='ocrx_word' id='word_1_203' title='bbox 1160 3019 1342 3120; x_wconf 83' lang='lat' dir='ltr'>partes&amp;</span> <span class='ocrx_word' id='word_1_204' title='bbox 1362 3019 1557 3100; x_wconf 86' lang='lat' dir='ltr'>extensio-</span> 
     </span>
     <span class='ocr_line' id='line_1_26' title="bbox 224 3117 1558 3225; baseline -0.001 -21"><span class='ocrx_word' id='word_1_205' title='bbox 224 3151 315 3208; x_wconf 88' lang='lat' dir='ltr'>nem</span> <span class='ocrx_word' id='word_1_206' title='bbox 334 3126 465 3220; x_wconf 89' lang='lat' dir='ltr'>habet,</span> <span class='ocrx_word' id='word_1_207' title='bbox 476 3136 643 3200; x_wconf 90' lang='lat' dir='ltr'>attamen</span> <span class='ocrx_word' id='word_1_208' title='bbox 652 3121 716 3198; x_wconf 82' lang='lat' dir='ltr'>hae</span> <span class='ocrx_word' id='word_1_209' title='bbox 726 3133 853 3216; x_wconf 79' lang='lat' dir='ltr'>partes</span> <span class='ocrx_word' id='word_1_210' title='bbox 871 3120 921 3198; x_wconf 94' lang='lat' dir='ltr'>ob</span> <span class='ocrx_word' id='word_1_211' title='bbox 931 3117 1080 3198; x_wconf 88' lang='lat' dir='ltr'>minimi</span> <span class='ocrx_word' id='word_1_212' title='bbox 1098 3139 1271 3202; x_wconf 87' lang='lat' dir='ltr'>naturam</span> <span class='ocrx_word' id='word_1_213' title='bbox 1291 3122 1395 3200; x_wconf 93' lang='lat' dir='ltr'>nulla</span> <span class='ocrx_word' id='word_1_214' title='bbox 1404 3137 1558 3225; x_wconf 89' lang='lat' dir='ltr'>queunt</span> 
     </span>
     <span class='ocr_line' id='line_1_27' title="bbox 229 3219 1559 3325; baseline -0.004 -23"><span class='ocrx_word' id='word_1_215' title='bbox 229 3228 275 3306; x_wconf 81' lang='lat' dir='ltr'>ab</span> <span class='ocrx_word' id='word_1_216' title='bbox 298 3225 466 3306; x_wconf 85' lang='lat' dir='ltr'>invicem</span> <span class='ocrx_word' id='word_1_217' title='bbox 486 3241 569 3302; x_wconf 85' lang='lat' dir='ltr'>arte</span> <span class='ocrx_word' id='word_1_218' title='bbox 595 3219 728 3300; x_wconf 89' lang='lat' dir='ltr'>divelli</span> <span class='ocrx_word' id='word_1_219' title='bbox 749 3223 815 3321; x_wconf 68' lang='lat' dir='ltr'>(l.</span> <span class='ocrx_word' id='word_1_220' title='bbox 829 3223 898 3321; x_wconf 85' lang='lat'>4).</span> <span class='ocrx_word' id='word_1_221' title='bbox 952 3221 1120 3321; x_wconf 86' lang='lat' dir='ltr'>Causae,</span> <span class='ocrx_word' id='word_1_222' title='bbox 1149 3249 1244 3325; x_wconf 81' lang='lat' dir='ltr'>quae</span> <span class='ocrx_word' id='word_1_223' title='bbox 1259 3231 1406 3302; x_wconf 77' lang='lat' dir='ltr'>Zenonem</span> <span class='ocrx_word' id='word_1_224' title='bbox 1424 3221 1471 3302; x_wconf 83' lang='lat' dir='ltr'>ad</span> <span class='ocrx_word' id='word_1_225' title='bbox 1488 3247 1559 3298; x_wconf 86' lang='lat' dir='ltr'>ex-</span> 
     </span>
     <span class='ocr_line' id='line_1_28' title="bbox 229 3320 1558 3428; baseline -0.006 -23"><span class='ocrx_word' id='word_1_226' title='bbox 229 3326 434 3428; x_wconf 88' lang='lat' dir='ltr'>cogitanda</span> <span class='ocrx_word' id='word_1_227' title='bbox 450 3321 513 3402; x_wconf 90' lang='lat' dir='ltr'>illa</span> <span class='ocrx_word' id='word_1_228' title='bbox 536 3326 601 3406; x_wconf 89' lang='lat' dir='ltr'>fua</span> <span class='ocrx_word' id='word_1_229' title='bbox 614 3323 809 3421; x_wconf 66' lang='lat' dir='ltr'>indulthum</span> <span class='ocrx_word' id='word_1_230' title='bbox 833 3320 1177 3424; x_wconf 85' lang='lat' dir='ltr'>manuduxerunt,</span> <span class='ocrx_word' id='word_1_231' title='bbox 1206 3327 1320 3404; x_wconf 85' lang='lat' dir='ltr'>funt:</span> <span class='ocrx_word' id='word_1_232' title='bbox 1352 3325 1461 3428; x_wconf 91' lang='lat' dir='ltr'>quod</span> <span class='ocrx_word' id='word_1_233' title='bbox 1479 3321 1558 3421; x_wconf 86' lang='lat' dir='ltr'>pri-</span> 
     </span>
     <span class='ocr_line' id='line_1_29' title="bbox 228 3422 1556 3530; baseline -0.006 -23"><span class='ocrx_word' id='word_1_234' title='bbox 228 3453 294 3508; x_wconf 89' lang='lat' dir='ltr'>mo</span> <span class='ocrx_word' id='word_1_235' title='bbox 313 3427 471 3530; x_wconf 89' lang='lat' dir='ltr'>quidem</span> <span class='ocrx_word' id='word_1_236' title='bbox 488 3425 724 3504; x_wconf 91' lang='lat' dir='ltr'>continuum</span> <span class='ocrx_word' id='word_1_237' title='bbox 744 3423 947 3502; x_wconf 86' lang='lat' dir='ltr'>extensum</span> <span class='ocrx_word' id='word_1_238' title='bbox 975 3425 1020 3501; x_wconf 91' lang='lat' dir='ltr'>ab</span> <span class='ocrx_word' id='word_1_239' title='bbox 1048 3422 1122 3503; x_wconf 88' lang='lat' dir='ltr'>illis</span> <span class='ocrx_word' id='word_1_240' title='bbox 1144 3425 1327 3504; x_wconf 87' lang='lat' dir='ltr'>constitui</span> <span class='ocrx_word' id='word_1_241' title='bbox 1355 3439 1556 3524; x_wconf 87' lang='lat' dir='ltr'>cerneret,</span> 
     </span>
     <span class='ocr_line' id='line_1_30' title="bbox 229 3521 1558 3626; baseline -0.01 -14"><span class='ocrx_word' id='word_1_242' title='bbox 229 3527 299 3612; x_wconf 89' lang='lat' dir='ltr'>nisi</span> <span class='ocrx_word' id='word_1_243' title='bbox 320 3545 449 3607; x_wconf 89' lang='lat' dir='ltr'>aiiteiii</span> <span class='ocrx_word' id='word_1_244' title='bbox 461 3527 633 3604; x_wconf 85' lang='lat' dir='ltr'>extensae</span> <span class='ocrx_word' id='word_1_245' title='bbox 650 3526 808 3626; x_wconf 87' lang='lat' dir='ltr'>forent,</span> <span class='ocrx_word' id='word_1_246' title='bbox 834 3521 927 3605; x_wconf 89' lang='lat' dir='ltr'>nihil</span> <span class='ocrx_word' id='word_1_247' title='bbox 952 3525 1133 3625; x_wconf 85' lang='lat' dir='ltr'>extensi,</span> <span class='ocrx_word' id='word_1_248' title='bbox 1162 3541 1250 3606; x_wconf 86' lang='lat' dir='ltr'>utut</span> <span class='ocrx_word' id='word_1_249' title='bbox 1268 3523 1406 3606; x_wconf 87' lang='lat' dir='ltr'>millies</span> <span class='ocrx_word' id='word_1_250' title='bbox 1426 3522 1558 3600; x_wconf 89' lang='lat' dir='ltr'>multi·</span> 
     </span>
     <span class='ocr_line' id='line_1_31' title="bbox 229 3625 1557 3737; baseline -0.004 -28"><span class='ocrx_word' id='word_1_251' title='bbox 229 3628 454 3734; x_wconf 88' lang='lat' dir='ltr'>plicentur,</span> <span class='ocrx_word' id='word_1_252' title='bbox 501 3627 743 3706; x_wconf 88' lang='lat' dir='ltr'>roducerent</span> <span class='ocrx_word' id='word_1_253' title='bbox 762 3657 774 3726; x_wconf 81' lang='lat'>3</span> <span class='ocrx_word' id='word_1_254' title='bbox 815 3626 991 3726; x_wconf 88' lang='lat' dir='ltr'>eoquod</span> <span class='ocrx_word' id='word_1_255' title='bbox 1010 3625 1049 3704; x_wconf 90' lang='lat' dir='ltr'>fe</span> <span class='ocrx_word' id='word_1_256' title='bbox 1066 3645 1270 3737; x_wconf 80' lang='lat' dir='ltr'>tangerent</span> <span class='ocrx_word' id='word_1_257' title='bbox 1288 3625 1501 3705; x_wconf 89' lang='lat' dir='ltr'>secundum</span> <span class='ocrx_word' id='word_1_258' title='bbox 1518 3625 1557 3704; x_wconf 92' lang='lat' dir='ltr'>fe</span> 
     </span>
     <span class='ocr_line' id='line_1_32' title="bbox 230 3656 1556 3826; baseline -0.009 -12"><span class='ocrx_word' id='word_1_259' title='bbox 230 3745 327 3814; x_wconf 89' lang='lat' dir='ltr'>tota.</span> <span class='ocrx_word' id='word_1_260' title='bbox 381 3656 530 3810; x_wconf 67' lang='lat' dir='ltr'>Ruriiis</span> <span class='ocrx_word' id='word_1_261' title='bbox 553 3745 680 3826; x_wconf 82' lang='lat' dir='ltr'>partes</span> <span class='ocrx_word' id='word_1_262' title='bbox 709 3751 790 3808; x_wconf 88' lang='lat' dir='ltr'>riori</span> <span class='ocrx_word' id='word_1_263' title='bbox 822 3726 978 3807; x_wconf 84' lang='lat' dir='ltr'>indulsit</span> <span class='ocrx_word' id='word_1_264' title='bbox 1003 3725 1080 3806; x_wconf 85' lang='lat' dir='ltr'>fuis</span> <span class='ocrx_word' id='word_1_265' title='bbox 1112 3727 1221 3805; x_wconf 85' lang='lat' dir='ltr'>hisce</span> <span class='ocrx_word' id='word_1_266' title='bbox 1243 3725 1556 3826; x_wconf 88' lang='lat' dir='ltr'>indivisibilibus,</span> 
     </span>
     <span class='ocr_line' id='line_1_33' title="bbox 233 3827 1560 3937; baseline -0.005 -25"><span class='ocrx_word' id='word_1_267' title='bbox 233 3834 326 3937; x_wconf 85' lang='lat' dir='ltr'>quia</span> <span class='ocrx_word' id='word_1_268' title='bbox 341 3829 540 3934; x_wconf 73' lang='lat' dir='ltr'>profesio,</span> <span class='ocrx_word' id='word_1_269' title='bbox 559 3829 585 3908; x_wconf 90' lang='lat' dir='ltr'>si</span> <span class='ocrx_word' id='word_1_270' title='bbox 606 3843 736 3928; x_wconf 83' lang='lat' dir='ltr'>partes</span> <span class='ocrx_word' id='word_1_271' title='bbox 750 3829 936 3910; x_wconf 89' lang='lat' dir='ltr'>haberent</span> <span class='ocrx_word' id='word_1_272' title='bbox 953 3829 994 3906; x_wconf 87' lang='lat' dir='ltr'>in</span> <span class='ocrx_word' id='word_1_273' title='bbox 1011 3827 1208 3906; x_wconf 88' lang='lat' dir='ltr'>infinitum</span> <span class='ocrx_word' id='word_1_274' title='bbox 1227 3827 1461 3929; x_wconf 77' lang='lat' dir='ltr'>divisibiles,</span> <span class='ocrx_word' id='word_1_275' title='bbox 1477 3829 1560 3912; x_wconf 89' lang='lat' dir='ltr'>nul·</span> 
     </span>
     <span class='ocr_line' id='line_1_34' title="bbox 232 3927 1562 4035; baseline -0.005 -23"><span class='ocrx_word' id='word_1_276' title='bbox 232 3939 312 4016; x_wconf 90' lang='lat' dir='ltr'>lum</span> <span class='ocrx_word' id='word_1_277' title='bbox 341 3929 446 4033; x_wconf 84' lang='lat' dir='ltr'>polle</span> <span class='ocrx_word' id='word_1_278' title='bbox 471 3927 554 4008; x_wconf 89' lang='lat' dir='ltr'>dari</span> <span class='ocrx_word' id='word_1_279' title='bbox 579 3931 739 4010; x_wconf 88' lang='lat' dir='ltr'>localem</span> <span class='ocrx_word' id='word_1_280' title='bbox 773 3947 925 4010; x_wconf 89' lang='lat' dir='ltr'>motum</span> <span class='ocrx_word' id='word_1_281' title='bbox 948 3928 1179 4006; x_wconf 84' lang='lat' dir='ltr'>existimavit</span> <span class='ocrx_word' id='word_1_282' title='bbox 1205 3939 1315 4029; x_wconf 80' lang='lat' dir='ltr'>Zeno,</span> <span class='ocrx_word' id='word_1_283' title='bbox 1351 3949 1562 4035; x_wconf 87' lang='lat' dir='ltr'>propterea</span> 
     </span>
    </p>

    <p class='ocr_par' dir='ltr' id='par_1_7' title="bbox 232 4029 1563 4414">
     <span class='ocr_line' id='line_1_35' title="bbox 261 4029 1563 4135; baseline -0.005 -21"><span class='ocrx_word' id='word_1_284' title='bbox 261 4033 343 4114; x_wconf 92' lang='lat' dir='ltr'>uod</span> <span class='ocrx_word' id='word_1_285' title='bbox 367 4031 561 4111; x_wconf 85' lang='lat' dir='ltr'>necessum</span> <span class='ocrx_word' id='word_1_286' title='bbox 590 4031 696 4112; x_wconf 87' lang='lat' dir='ltr'>foret</span> <span class='ocrx_word' id='word_1_287' title='bbox 722 4033 890 4114; x_wconf 87' lang='lat' dir='ltr'>infinitas</span> <span class='ocrx_word' id='word_1_288' title='bbox 919 4046 1047 4132; x_wconf 85' lang='lat' dir='ltr'>partes</span> <span class='ocrx_word' id='word_1_289' title='bbox 1074 4029 1329 4135; x_wconf 82' lang='lat' dir='ltr'>pertransiri3</span> <span class='ocrx_word' id='word_1_290' title='bbox 1383 4033 1458 4114; x_wconf 90' lang='lat' dir='ltr'>Cui</span> <span class='ocrx_word' id='word_1_291' title='bbox 1503 4029 1563 4112; x_wconf 91' lang='lat' dir='ltr'>ui-</span> 
     </span>
     <span class='ocr_line' id='line_1_36' title="bbox 232 4063 1560 4239; baseline 0 -25"><span class='ocrx_word' id='word_1_292' title='bbox 232 4065 322 4214; x_wconf 58' lang='lat' dir='ltr'>dem</span> <span class='ocrx_word' id='word_1_293' title='bbox 348 4149 578 4235; x_wconf 86' lang='lat' dir='ltr'>argumento</span> <span class='ocrx_word' id='word_1_294' title='bbox 601 4133 902 4232; x_wconf 86' lang='lat' dir='ltr'>respondebitur</span> <span class='ocrx_word' id='word_1_295' title='bbox 929 4137 963 4238; x_wconf 67' lang='lat' dir='ltr'>l.</span> <span class='ocrx_word' id='word_1_296' title='bbox 994 4141 1041 4234; x_wconf 85' lang='lat'>83</span> <span class='ocrx_word' id='word_1_297' title='bbox 1067 4147 1197 4233; x_wconf 61' lang='lat' dir='ltr'>,tum</span> <span class='ocrx_word' id='word_1_298' title='bbox 1223 4133 1368 4236; x_wconf 88' lang='lat' dir='ltr'>etiam,</span> <span class='ocrx_word' id='word_1_299' title='bbox 1397 4063 1560 4239; x_wconf 61' lang='lat' dir='ltr'>quoin</span> 
     </span>
     <span class='ocr_line' id='line_1_37' title="bbox 238 4232 1563 4414; baseline 0.002 -100"><span class='ocrx_word' id='word_1_300' title='bbox 238 4237 471 4318; x_wconf 87' lang='lat' dir='ltr'>continuum</span> <span class='ocrx_word' id='word_1_301' title='bbox 486 4235 592 4318; x_wconf 84' lang='lat' dir='ltr'>soret</span> <span class='ocrx_word' id='word_1_302' title='bbox 608 4235 649 4316; x_wconf 92' lang='lat' dir='ltr'>in</span> <span class='ocrx_word' id='word_1_303' title='bbox 669 4232 1110 4414; x_wconf 76' lang='lat' dir='ltr'>infinitumGdivifibile,</span> <span class='ocrx_word' id='word_1_304' title='bbox 1136 4233 1305 4318; x_wconf 87' lang='lat' dir='ltr'>infinitas</span> <span class='ocrx_word' id='word_1_305' title='bbox 1324 4237 1366 4322; x_wconf 89' lang='lat' dir='ltr'>in</span> <span class='ocrx_word' id='word_1_306' title='bbox 1384 4234 1563 4346; x_wconf 83' lang='lat' dir='ltr'>quolibet</span> 
     </span>
    </p>

    <p class='ocr_par' dir='ltr' id='par_1_8' title="bbox 922 4361 1515 4440">
     <span class='ocr_line' id='line_1_38' title="bbox 922 4361 1515 4440; baseline 0 -23"><span class='ocrx_word' id='word_1_307' title='bbox 922 4365 943 4440; x_wconf 84' lang='lat'>3</span> <span class='ocrx_word' id='word_1_308' title='bbox 1419 4361 1515 4417; x_wconf 88' lang='lat' dir='ltr'>con·</span> 
     </span>
    </p>
   </div>
   <div class='ocr_carea' id='block_1_5' title="bbox 0 0 1971 4956">
    <p class='ocr_par' dir='ltr' id='par_1_9' title="bbox 0 0 1971 4956">
     <span class='ocr_line' id='line_1_39' title="bbox 0 0 1971 4956; baseline 0 0"><span class='ocrx_word' id='word_1_309' title='bbox 0 0 1971 4956; x_wconf 95' lang='lat' dir='ltr'> </span> 
     </span>
    </p>
   </div>
   <div class='ocr_carea' id='block_1_6' title="bbox 1942 4 1957 1997">
    <p class='ocr_par' dir='ltr' id='par_1_10' title="bbox 1942 4 1957 1997">
     <span class='ocr_line' id='line_1_40' title="bbox 1942 4 1957 1997; baseline 0 0"><span class='ocrx_word' id='word_1_310' title='bbox 1942 4 1957 1997; x_wconf 95' lang='lat' dir='ltr'> </span> 
     </span>
    </p>
   </div>
  </div>
 </body>
</html>
