3900 4956
348 491 623 574 Dtssuurnmo
644 485 699 563 ΙΙ.
720 482 786 562 Du
805 485 1043 564 Consanum
1068 491 1182 569 Hrsr.
1203 494 1326 575 Perus,
1456 507 1508 592 25

219 671 423 774 cumipse
448 677 675 769 pugnaret,
702 690 911 750 numerare
936 669 1039 751 haud
1061 677 1227 776 potuit3
1257 671 1386 757 docet
1405 677 1558 782 quippe

220 785 291 862 Lib.
305 779 581 874 i.Phyfic.Cttp·8·
612 779 645 842 ix
673 799 707 841 τῦ
727 773 772 852 Μ’
793 773 871 846 aine
894 776 961 843 aliia
983 777 1022 848 ab
1048 788 1186 870 parisiae
1211 795 1259 852 lix
1290 783 1385 856 tribilo
1407 787 1485 856 nihil
1499 789 1553 881 fit·

221 879 342 988 Quod
360 880 447 957 sane
472 872 607 950 salsum
634 870 764 972 soret,
794 871 821 950 n
840 897 888 952 ex
914 885 1090 954 privatione
1111 893 1296 984 tanquam
1318 911 1379 958 non
1397 911 1462 961 ente
1488 885 1551 960 ali-

220 981 319 1089 quid
338 978 470 1058 fieret.
524 973 654 1050 Nolim
671 971 757 1050 suse
774 976 984 1078 persequi,
1001 1003 1117 1079 quam
1146 980 1402 1072 hallucinatus
1420 985 1465 1064 fit
1482 999 1551 1064 Art·

72 1101 83 1108 “
213 1091 325 1186 florales
352 1081 501 1158 docens
521 1103 530 1149 a
554 1070 745 1152 mundum
761 1099 795 1150 a
823 1078 915 1156 Deo
941 1081 1153 1160 necessario
1179 1083 1291 1162 fuisse
1319 1089 1366 1162 ab
1396 1101 1554 1165 aeterno

216 1181 486 1286 productum:
522 1175 563 1254 id
590 1175 712 1254 solum
734 1177 934 1277 sufficiat,
962 1187 1147 1280 Aristotelem
1173 1194 1278 1263 inter
1302 1210 1365 1266 res
1395 1188 1553 1266 maximi

216 1281 425 1379 momenti,
445 1277 627 1358 nimirum
644 1276 749 1356 inter
765 1277 937 1360 ustiones
955 1281 1035 1360 Dei
1052 1297 1202 1388 latemus,
1213 1290 1389 1386 naceffiarias
1405 1292 1444 1370 δι
1463 1315 1552 1368 erer-

216 1419 274 1468 nas
300 1413 312 1489 3
340 1385 377 1462 dl
395 1383 498 1460 inter
516 1379 689 1458 ustiones
712 1379 792 1459 Dei
816 1385 1017 1463 externas&
1037 1387 1149 1466 liberas
1168 1389 1377 1470 discrimen
1398 1418 1480 1474 non
1493 1391 1554 1471 vi·

217 1488 324 1569 dille.
378 1481 500 1588 Quod
521 1481 549 1560 sr
569 1495 697 1560 tamen
726 1505 815 1560 cum
843 1484 1060 1564 Aristotele
1083 1487 1122 1566 in
1152 1490 1311 1594 gratiam
1336 1493 1469 1574 redire
1486 1519 1553 1574 ne-

216 1589 358 1668 cesium
379 1585 437 1684 stt,
457 1582 582 1662 dicam
598 1585 736 1660 lubens
761 1613 770 1662 a
797 1583 1000 1687 ingenium
1022 1603 1098 1668 tam
1117 1591 1263 1672 illustre
1281 1600 1553 1691 aristoteltsnun·

121 1777 123 1782 λ
244 1715 332 1768 uam
354 1687 453 1766 adeo
473 1681 689 1787 ineptiille,
718 1685 783 1763 sed
804 1685 946 1788 scripta
970 1691 1057 1788 elias
1083 1695 1129 1771 ab
1153 1699 1331 1774 Arabum
1357 1699 1553 1778 Averroi-

213 1720 358 1874 iiarum
373 1783 610 1870 commentis
627 1785 678 1864 ita
698 1783 773 1862 elle
791 1785 1046 1890 interpolata,
1074 1809 1119 1873 ut
1133 1795 1200 1876 fibi
1220 1795 1381 1902 prorsus
1399 1799 1554 1881 diffini-

214 1895 279 1999 lia,
295 1889 448 1995 putidas
468 1889 534 1968 has
551 1887 838 1966 hodielacunas
855 1891 1082 1989 propinent.

315 1997 406 2074 XX.
434 1999 573 2091 Atque
589 1991 679 2068 haec
693 1989 869 2096 physicas
887 2015 952 2072 res
977 2016 1029 2072 ex
1054 1995 1257 2100 principiis
1277 2003 1547 2117 metaphysicis
1564 2011 1728 2092 methodus

215 2091 439 2196 explicandi
463 2090 562 2170 ratio
588 2095 884 2174 Mellodunum
911 2093 989 2173 dici
1009 2102 1241 2182 consuevit:
1268 2106 1418 2207 effingit
1437 2107 1546 2210 quip-
1560 2116 1683 2191 idealis.

213 2225 264 2304 pe
284 2221 419 2277 rerum
439 2209 593 2273 naturas
624 2193 823 2272 abstractas
851 2199 890 2276 dt
911 2197 1126 2300 posfibiles,
1155 2221 1275 2306 atque
1295 2230 1348 2284 ex
1374 2208 1432 2284 his
1457 2239 1549 2286 naun-

213 2308 272 2378 dus
287 2299 482 2402 inteligililts
503 2293 673 2372 Platonis
692 2294 809 2374 fluxit
828 2325 841 2399 3
899 2303 1000 2378 Cum
1028 2315 1158 2384 tamen
1177 2309 1291 2394 satius
1313 2312 1438 2388 multo
1457 2309 1552 2389 suis-

215 2403 295 2500 set,
322 2422 457 2480 rerum
482 2417 764 2495 corporearum
782 2401 1083 2500 explicationem
1100 2408 1146 2483 ab
1165 2409 1385 2490 intrinsecis
1407 2409 1553 2509 princi-

213 2503 312 2606 piis,
342 2514 533 2604 quantum
553 2495 671 2594 licet,
698 2497 848 2599 ordiri,
868 2526 998 2608 eaque
1017 2503 1162 2588 deinde
1186 2509 1463 2628 experimentis
1483 2511 1554 2591 diu

213 2607 464 2706 mulmmque
476 2597 728 2680 confirmare.
782 2602 1061 2708 sedquoniam
1079 2609 1156 2689 hoc
1168 2611 1385 2694 institutum
1403 2613 1553 2715 perdif-

214 2705 321 2784 ficile
339 2730 383 2783 ac
400 2701 631 2782 laboriosum
654 2701 731 2802 est,
764 2703 919 2802 impulit
937 2733 1007 2786 eos
1027 2709 1173 2790 sciendi
1195 2717 1342 2814 cupido
1360 2715 1465 2797 ideas
1490 2739 1553 2792 re·

98 2805 120 2856 -’
214 2832 299 2884 rum
319 2804 552 2908 pollibilium
569 2803 782 2904 effingere,
810 2807 848 2884 dt
863 2807 1055 2888 abstrastis
1075 2817 1358 2914 conceptibus,
1377 2814 1552 2920 peregri-

215 2911 359 3011 nisque
377 2905 546 2984 vocibus
567 2927 607 2978 v.
630 2926 666 3002 g.
685 2918 820 2980 materia
830 2919 960 3010 prima,
971 2916 1085 3010 forme
1097 2915 1301 3016 firmantialis
1318 2919 1393 2995 dte.
1421 2933 1551 3000 totum

126 3015 127 3018 ‘
213 3009 442 3091 universum
466 3005 645 3121 implere.
722 3011 827 3108 Quae
852 3007 1146 3111 philosophandi
1174 3017 1273 3094 ratio
1298 3021 1345 3096 ab
1366 3019 1548 3122 ingenuis

211 3111 407 3192 mentibus
432 3105 647 3208 longrffime
673 3104 798 3196 abesse
821 3107 970 3190 debet:
997 3135 1088 3192 cum
1113 3133 1296 3198 nontam
1321 3120 1361 3199 in
1390 3123 1550 3234 Physica

216 3213 399 3312 explicari
417 3207 613 3290 necessum
631 3206 701 3308 stt,
730 3227 823 3310 quae
842 3234 906 3290 res
929 3213 1124 3316 possibiles
1140 3217 1242 3300 sint?
1270 3245 1417 3326 quaeve
1432 3230 1547 3308 intel·

214 3313 318 3392 letto
334 3310 464 3412 effingi
488 3313 659 3409 pollinti
687 3333 804 3411 quam
829 3335 955 3414 quae,
984 3332 1052 3396 aut
1079 3323 1212 3420 quales
1235 3324 1308 3408 sint
1334 3349 1423 3431 eae,
1451 3353 1551 3434 quae

215 3413 387 3508 hodiein
408 3435 540 3488 rerum
561 3428 700 3490 natura
717 3419 972 3496 occurrunt?

331 3515 440 3592 XXI.
472 3511 669 3588 sensibilia
692 3512 754 3592 alii
779 3537 914 3596 rerum
938 3518 1170 3601 naturalium
1190 3524 1382 3628 principia
1406 3531 1546 3609 statue·
1559 3543 1720 3644 Principia

213 3627 324 3729 runt,
338 3635 482 3712 nempe
499 3621 640 3688 eumenen
660 3639 673 3713 3
702 3637 751 3692 eo
778 3617 888 3715 quod
907 3644 1077 3724 corpora
1099 3627 1254 3704 tandem
1272 3629 1414 3709 resolvi
1429 3632 1469 3711 in
1484 3631 1712 3744 illasnnslila'a.

213 3714 590 3794 animadverterent.
620 3734 740 3818 Aquam
765 3715 834 3794 seu
852 3723 1015 3801 humidum
1032 3729 1121 3804 chaos
1138 3728 1373 3829 principium
1393 3733 1468 3814 esic
1483 3759 1561 3816 re·.

210 3843 301 3896 rum
324 3815 513 3898 dixerunt
532 3814 672 3894 Thales
690 3815 877 3910 Milesius,
895 3825 933 3902 du
950 3827 1145 3926 Orpheus.
1176 3836 1362 3912 Plutarchus
1384 3842 1494 3926 Placia.
1515 3846 1545 3920 l.

215 3929 339 4022 capg.
403 3916 666 4015 Xenophanes
690 3934 812 4019 atque
832 3922 1081 4034 Pherecydes
1107 3936 1229 4034 Syrus
1249 3959 1367 4012 terram
1395 3963 1468 4040 pro
1485 3964 1550 4018 re·

209 4043 298 4096 rum
318 4015 513 4120 principio
537 4019 784 4121 habuerunt,
812 4035 856 4100 ut
876 4027 930 4106 est
949 4029 1051 4132 apud
1079 4041 1238 4112 laertium
1258 4036 1296 4115 ἂν
1312 4043 1397 4119 Sext.
1411 4059 1550 4150 smpytt·

212 4148 293 4196 tum.
314 4128 461 4220 lfyrrbon.
483 4123 706 4220 prolyposcon
722 4141 795 4225 ΟΨ.
815 4149 851 4223 4·
895 4133 1165 4213 Anaximenes
1183 4159 1296 4215 attan.
1327 4143 1460 4222 saviam
1478 4152 1541 4223 Ecl.

212 4228 298 4322 alays.
316 4247 351 4306 a.
380 4221 571 4304 Hesiodus
586 4229 702 4330 gnam,
719 4223 787 4302 seu
800 4227 933 4324 potius
954 4234 1232 4322 subtiliffimum
1251 4250 1407 4348 acrem,
1437 4270 1458 4322 e
1474 4271 1554 4344 cu·⁸

840 4329 881 4408 D
1432 4348 1496 4447 jus
