3782 4958
242 535 262 584 2
374 583 376 588 ,
455 481 531 582 308
775 469 779 474 ’
898 473 1166 560 sierioiirs
1210 477 1266 564 Π.
1354 477 1359 484 ’

350 749 352 752 ,
514 657 586 742 IX.
643 652 749 738 ‘ires
776 659 910 741 unciae
946 659 1027 740 olei
1054 659 1206 742 vitrioli
1238 664 1473 746 inviter
1500 661 1749 747 mediocrem

404 756 563 841 abscisso
586 759 694 840 collo
720 763 886 864 phialam
905 761 1176 866 deponantur3
1198 760 1451 848 affundentur
1469 766 1655 849 undecim
1674 793 1749 848 un-

119 914 123 922 ,
265 905 304 984 0
401 864 482 974 cioe
508 883 654 970 aquae,
679 863 719 943 dt
743 863 964 946 retineatur
986 864 1114 970 phiala
1149 865 1191 948 iii
1216 867 1377 948 modico
1401 869 1540 949 ¹calore
1557 869 1750 971 ,injicia-

403 981 552 1071 turque
578 963 620 1042 in
637 963 802 1067 phialam
821 967 999 1068 ¹,repetitis
1017 966 1173 1049 vicibus
1198 965 1413 1058 semiuncia
1432 971 1626 1051 limaturae
1644 975 1748 1050 Man

401 1069 480 1150 tis:
507 1063 736 1168 egredietur
761 1093 784 1147 e
809 1069 937 1172 phiala
956 1095 1081 1174 vapor
1107 1071 1218 1152 albus
1233 1070 1502 1187 sulphureus,
1520 1073 1590 1176 qui
1615 1073 1661 1149 ab
1682 1065 1750 1150 ad-

401 1187 509 1252 ,mota
534 1167 696 1252 candela
724 1169 902 1254 fulminis
924 1172 1047 1254 instar
1072 1173 1326 1273 accenditur,
1352 1191 1571 1278 revertitur
1593 1171 1750 1254 violen-

395 1289 513 1454 ‘sedi
535 1271 702 1450 phffalam
727 1329 743 1377 ,
767 1274 1027 1381 violenteque
1055 1274 1190 1358 denuo
1216 1274 1397 1377 repulsus
1419 1275 1568 1360 mirum
1593 1277 1752 1377 praebet

422 1395 472 1476 pe
513 1397 585 1454 acu
602 1397 680 1455 um·
1097 1427 1115 1454 ο
1738 1407 1745 1424 ⁸

513 1479 672 1560 Venim
695 1499 830 1558 omnes
855 1475 993 1558 modos
1017 1475 1267 1580 producendi
1294 1477 1425 1580 ignem
1460 1501 1484 1557 e
1509 1475 1749 1580 frigidorum

365 1638 376 1652 ,‚
406 1599 622 1679 corporum
655 1579 938 1682 compositione
970 1579 1091 1682 longe
1122 1597 1338 1683 exuperant
1369 1581 1443 1660 alia
1476 1577 1559 1662 duo
1587 1581 1750 1684 Chymi'-

404 1703 544 1762 corum
570 1679 750 1781 inventa,
775 1705 870 1783 quae
896 1687 979 1781 Pyrr
1000 1689 1091 1760 horos
1116 1681 1153 1760 dr
1182 1687 1370 1790 Phosphoros
1395 1680 1607 1782 dixerunt,
1640 1707 1749 1784 quae·

403 1803 483 1885 que
501 1781 553 1859 ob
571 1780 789 1864 inusitatam
804 1784 908 1864 suam
939 1706 1153 1864 ericaeum
1175 1782 1252 1862 hoc
1282 1785 1444 1865 uberius
1474 1783 1620 1884 exponi
1652 1785 1743 1866 loco

402 1894 617 1966 merentur.

221 1995 374 2101 phaspha.
508 1985 555 2067 Χ.
613 1989 795 2068 Sumatur
819 2005 867 2063 eii
889 1981 1046 2066 animali
1070 2009 1160 2086 pars
1192 1985 1322 2066 mollis
1346 1985 1530 2068 minutim
1560 1985 1738 2082 concisa,
1848 1983 1853 1992 “

244 2129 304 2186 w,
401 2082 528 2168 ueluti
551 2087 760 2190 cerejbrum
792 2084 928 2190 bovis,
953 2101 1018 2167 aut
1049 2085 1163 2166 etiam
1191 2104 1441 2167 excrementa
1466 2088 1656 2188 humana,
1684 2105 1745 2167 aut

255 2293 260 2298 Ι
393 2186 544 2271 ‘horum
568 2191 659 2272 loco
683 2189 802 2269 limus
827 2189 1127 2289 columbarum3
1154 2185 1378 2304 deponatur
1403 2189 1444 2267 in
1462 2190 1652 2290 sartagine
1671 2189 1746 2266 ser-

401 2313 470 2369 rea
496 2290 543 2369 ad
571 2295 704 2394 ignem
729 2288 965 2392 modicum,
1000 2287 1134 2369 donec
1159 2289 1371 2390 agitatione
1406 2291 1565 2392 spatulae
1588 2290 1632 2369 iii
1660 2289 1746 2393 pul-

401 2411 540 2474 vereni
569 2396 729 2497 nigrum
757 2393 895 2472 abeat:
933 2392 1045 2493 hujus
1074 2390 1233 2474 ustulati
1257 2389 1435 2490 pulveris
1461 2391 1636 2471 sumafur
1669 2417 1745 2470 una

400 2515 519 2594 pars,
545 2498 664 2601 eique
688 2493 856 2575 admisce
881 2519 909 2596 4
934 2511 1061 2594 partes
1086 2491 1265 2579 aluminis
1288 2491 1436 2595 cnidi,
1462 2492 1504 2571 in
1534 2495 1741 2594 pulverem

402 2593 580 2677 redathi:
614 2599 715 2680 hanc
743 2595 973 2678 mixtionem
1004 2596 1135 2678 rursus
1159 2595 1321 2700 impone
1355 2593 1536 2697 sartagini
1565 2595 1743 2693 semeae,

402 2697 503 2798 agita
529 2696 685 2781 alumen
711 2698 869 2801 coiens,
885 2715 1001 2800 tere,
1026 2693 1158 2790 donec
1179 2709 1260 2778 tota
1274 2695 1387 2780 massa
1404 2695 1607 2798 nigrescat.
1650 2699 1744 2776 Por-

369 2833 376 2851 ,
401 2821 449 2879 ro
473 2800 547 2880 hac
578 2799 690 2882 malla
714 2803 835 2902 imple
858 2799 1028 2906 phialam
1052 2797 1189 2880 siccam
1213 2799 1404 2900 vitream,
1430 2799 1523 2878 colli
1548 2797 1744 2900 angustio-

401 2901 483 3004 ris,
509 2917 553 2983 ut
570 2905 686 2983 tertia
708 2929 814 3006 pars,
841 2917 907 2984 aut
924 2901 1041 3007 paulo
1058 2901 1357 3000 minor,·vacua
1372 2913 1590 3001 remaneat,
1630 2901 1740 2978 Tuni
1871 2925 1876 2960 i

400 3027 501 3084 vero
528 3003 655 3104 phiala
680 3005 784 3092 intra
808 3004 977 3108 tigillum
1005 3017 1071 3085 aut
1085 3002 1330 3086 crucibulum
1354 3002 1595 3102 collocetur,
1621 3001 1742 3080 inter·
1790 3027 1794 3036 ’

403 3103 572 3184 cedente
596 3107 744 3212 ubique
769 3131 911 3207 arena,
936 3120 1052 3208 atque
1068 3102 1320 3206 prominente
1336 3103 1529 3205 paulisper
1551 3103 1740 3202 ampulla:

402 3205 477 3287 hoc
501 3209 720 3308 imponitur
743 3209 865 3290 sumo
891 3203 1045 3288 anemio
1070 3205 1352 3306 {Binliosem
1380 3203 1543 3305 &ignis
1562 3227 1635 3306 per
1657 3227 1740 3305 gra·

361 3381 365 3390 ,
403 3305 483 3390 dus
501 3311 713 3392 successive
749 3311 802 3389 sic
830 3305 1082 3408 intenditur,
1115 3303 1243 3396 donec
1269 3307 1521 3389 crucibulum
1550 3329 1670 3388 arena
1703 3303 1739 3382 di

399 3412 528 3514 phiala
550 3409 780 3493 candescat:
818 3411 1060 3513 apparebunt
1084 3407 1181 3488 sumi
1207 3408 1410 3510 foetentes,
1432 3405 1593 3488 tandem
1620 3406 1739 3486 etiam

401 3515 444 3614 in
463 3513 668 3596 cacumine
693 3512 837 3616 phialae
851 3529 1039 3594 cernetur
1055 3513 1226 3614 flamma3
1253 3507 1363 3613 quod
1378 3509 1529 3591 indicio
1548 3509 1642 3636 egrit:
1660 3533 1737 3586 ma-

398 3615 537 3697 teriam
563 3613 638 3694 elie
662 3614 900 3697 sufficienter
924 3613 1157 3698 calcinatam.
1207 3617 1476 3696 Removeatur
1496 3609 1739 3694 crucibulum

274 3790 282 3802 ,
402 3719 449 3794 ab
475 3719 601 3822 igne,
641 3713 922 3822 claudaturque
957 3717 1142 3822 ocyllime
1168 3711 1215 3794 ad
1247 3712 1551 3816 praecavendum
1576 3735 1737 3792 omnem

403 3819 505 3898 aeris
530 3817 764 3926 ingressum,
790 3823 828 3903 dc
853 3817 1071 3902 remanebit
1095 3815 1138 3896 in
1165 3817 1290 3916 phiala
1315 3817 1435 3896 carbo
1464 3817 1582 3916 niger
1603 3815 1737 3916 pulve-

398 3923 580 4003 rulentus
605 3923 731 4008 diuus
756 3929 958 4032 Pyropbirus.
1017 3915 1137 4024 Quod
1159 3917 1187 3996 si
1210 3919 1324 4021 hujus
1338 3917 1515 3999 materiae
1537 3913 1736 4020 quidpiam

386 4047 451 4104 ex
476 4023 604 4127 phiala
625 4025 667 4106 in
692 4035 823 4108 a'erem
854 4021 1064 4120 educatur,
1091 4018 1162 4096 illo
1190 4020 1274 4122 ipso
1300 4034 1534 4120 momento,
1557 4017 1614 4119 ;ab
1646 4027 1736 4098 aere

400 4127 601 4228 inuente,
627 4126 891 4230 &particulas
911 4124 1046 4224 igneas
1072 4119 1311 4222 eliberante,
1328 4119 1567 4201 accenditur.
1615 4115 1733 4226 Quod

399 4227 432 4309 si
456 4241 583 4335 autem
601 4229 769 4314 ,materia
788 4227 862 4310 illa
883 4221 1046 4308 humido
1072 4231 1164 4306 aere
1189 4221 1346 4312 tandem
1362 4223 1575 4306 exsaturata
1600 4219 1734 4324 suerit,
1874 4301 1875 4304 a

1601 4347 1686 4412 pon
