3802 4942
471 445 544 542 '468
949 439 1213 525 Sacraoams
1267 439 1321 524 11.
1416 445 1421 453 '

426 620 592 702 nitrosas
614 618 742 733 secum
757 621 959 736 particulas
985 623 1236 726 afferentem,
1262 626 1438 734 quamvis
1453 625 1573 728 frigus
1588 625 1633 702 in
1650 623 1751 700 mer-
1870 627 1871 630 ‘

429 731 618 800 mometro
643 743 769 804 minus
793 719 1069 804 indicaretur?
1105 731 1259 807 Montes
1283 743 1392 806 certo
1416 736 1496 804 ctist
1521 727 1562 804 in
1591 745 1691 822 rm,
1711 733 1766 802 ut·

429 831 552 900 Frrzirr
577 832 683 898 notat
709 822 751 902 in
778 831 942 902 itinerario
966 841 1164 920 loturam,
1191 829 1255 932 qui
1286 843 1372 910 utut
1390 828 1492 908 inter
1513 822 1755 906 latitudinem
1869 897 1871 920 A

431 943 480 1020 23
507 919 549 1003 ac
567 946 620 1022 24
654 919 844 1021 graduum
872 925 959 1004 sunt
984 925 1073 1027 frti,
1098 928 1165 1008 tali
1193 945 1323 1008 tamen
1349 929 1498 1028 frigore
1525 927 1758 1020 saevierunt,
1869 949 1871 970 ·

432 1038 476 1103 ut
503 1021 679 1102 homines
704 1025 909 1110 statuarum
928 1027 1048 1108 instar
1068 1027 1337 1132 obriguerint,
1356 1027 1646 1131 perierintque3
1671 1025 1762 1104 suut

433 1137 558 1200 autem
583 1123 640 1200 illi
669 1140 820 1238 montes
846 1125 950 1204 nitro
977 1125 1302 1210 abundantillimi.
1352 1133 1401 1210 In
1417 1125 1649 1234 quibusdam
1667 1128 1762 1206 Per·
1869 1107 1872 1240 Ι

432 1220 501 1300 stae
532 1227 753 1324 Armeniae,
768 1227 955 1324 Georgiae
973 1227 1043 1306 dcc.
1058 1230 1154 1312 locis
1172 1250 1351 1331 expertus
1366 1233 1423 1312 est
1449 1236 1674 1334 Toumeforatm
1692 1247 1762 1328 pet
1870 1259 1872 1300 ε

433 1345 487 1432 no
527 1343 568 1399 es
582 1319 624 1400 in
652 1345 720 1402 ens
745 1321 936 1408 desaevire
963 1327 1110 1435 frigus,
1135 1331 1308 1438 quamvis
1334 1329 1483 1414 diurno
1504 1325 1760 1430 tempore-ob
1870 1371 1872 1418 t

432 1417 595 1534 clrmatis
621 1345 732 1504 litum
759 1424 861 1540 bene
892 1427 1068 1510 caleant:
1113 1455 1257 1532 nempe
1286 1435 1467 1534 regiones
1500 1433 1583 1512 illae
1613 1429 1762 1531 pariter

433 1518 568 1636 salinae
593 1523 679 1638 sunt
704 1543 747 1604 ac
768 1527 954 1629 nitrosae,
977 1529 1057 1610 sale
1094 1535 1238 1638 quippe
1265 1535 1379 1614 sollili
1404 1530 1628 1628 abundant,
1655 1525 1762 1632 quod

434 1619 487 1698 sal
515 1617 666 1702 diurnis
703 1623 899 1708 caloribus
928 1631 1089 1714 volatile
1122 1634 1323 1717 redditum
1357 1635 1555 1716 notiurno
1580 1646 1763 1730 tempore

437 1723 645 1826 relabitur,
672 1727 709 1806 u
739 1729 1034 1830 congelationes
1058 1733 1235 1816 inducit:
1272 1738 1542 1840 Moschenbroekirr
1575 1743 1792 1832 praeterea'
1872 1789 1873 1792 a

435 1837 712 1938 commemorat
737 1828 776 1904 se
801 1831 1018 1912 observasse
1043 1859 1116 1938 per
1144 1838 1319 1937 lagenam
1343 1835 1539 1942 quidpiam
1565 1834 1765 1933 inaquam
1871 1883 1873 1892 ,

432 1926 607 2033 untraffe,
658 1925 737 2014 uod
763 1929 962 2015 ferebatur
988 1933 1031 2014 in
1052 1939 1186 2020 curvis
1211 1937 1347 2040 lineis,
1372 1935 1472 2019 &ad
1492 1937 1598 2036 cujus
1615 1945 1762 2012 motum
1871 1921 1873 1956 ¹

435 2031 610 2130 glacialia
632 1956 833 2116 ilamenta
858 2033 1099 2118 oriebantur.
1151 2041 1211 2120 Cl.
1236 2049 1366 2120 Μαίη»
1390 2053 1425 2118 tn
1449 2041 1637 2138 districtim
1651 2034 1764 2132 fitrlt
1870 2089 1874 2186 q

438 2141 531 2209 (itm
556 2133 603 2212 ad
625 2135 822 2217 materiam
849 2135 1040 2238 quandam
1059 2137 1263 2240 subtilem,
1290 2141 1361 2222 seu
1377 2135 1544 2220 fluidum
1564 2131 1764 2214 elasticum

377 2245 380 2252 ’
437 2233 612 2350 confugit
645 2261 718 2336 pro
752 2235 890 2337 glaciei
913 2237 1056 2351 'genesi
1091 2239 1348 2339 explicanda3
1392 2264 1483 2320 cum
1520 2237 1625 2316 enim
1658 2235 1767 2316 locus
1847 2231 1874 2430 'q

436 2333 577 2432 aliquis
602 2335 751 2434 frigore
778 2339 1011 2439 corripitur,
1029 2353 1112 2424 tum
1140 2355 1285 2422 motum
1302 2340 1452 2422 subtilis
1477 2337 1673 2436 materiae,
1693 2331 1766 2424 uti-

438 2456 517 2531 que
543 2433 721 2537 diffusae,
747 2437 845 2520 adeo
867 2438 955 2520 vult
979 2442 1187 2542 attenuari,
1213 2453 1256 2522 ut
1280 2465 1317 2522 ae
1344 2441 1545 2522 uilibrium
1573 2461 1664 2530 cum
1691 2461 1766 2518 ma«.
1873 2437 1874 2446 '

440 2531 538 2612 teria
566 2535 728 2638 subtili,
751 2538 794 2618 in
827 2539 915 2641 ipsis
948 2541 1169 2644 liquoribus
1195 2467 1398 2643 congelari
1434 2541 1527 2642 aptis
1549 2537 1765 2636 habitante,
1873 2563 1875 2618 ε

439 2633 477 2712 dc
504 2662 591 2720 cum
615 2637 801 2731 exteriori
827 2641 959 2722 subtili
980 2641 1160 2744 materia,
1186 2643 1460 2746 perplurimos
1481 2643 1679 2744 liquorum
1701 2662 1765 2736 po·
1873 2659 1875 2690 ³

439 2761 506 2818 ros
539 2743 848 2824 communicante
878 2743 1051 2826 obtineri
1083 2759 1283 2848 nequeat,
1314 2743 1385 2827 nifr
1426 2741 1586 2822 materia
1619 2739 1767 2820 subtilia
1873 2697 1875 2824 l

439 2843 526 2940 post
551 2843 706 2922 multam
734 2845 1008 2950 egrellionenr,
1027 2845 1275 2926 velocitatem
1306 2871 1461 2948 quoque
1486 2845 1619 2942 suam,
1651 2857 1764 2942 atque
1872 2897 1875 2940 ÷

441 2943 646 3024 elaterium
674 2943 895 3044 diminuat;
928 2949 1114 3048 quoniam
1139 2971 1236 3028 vero
1263 2941 1622 3048 parteaintegrales
1642 2942 1765 3046 liquo
1872 2947 1875 3056 ζ

440 3067 561 3144 rum,
584 3047 705 3126 veluti
729 3071 855 3150 aquae,
872 3063 1020 3126 motum
1047 3047 1187 3150 suum,
1218 3047 1499 3130 volubilitatem
1527 3065 1580 3142 ue
1602 3043 1765 3122 circum·
1791 3063 1802 3079 ⁸

442 3145 626 3226 ambienti
650 3149 823 3228 materiae
850 3145 1007 3246 subtili,
1042 3147 1111 3227 seu
1135 3146 1262 3232 fluido
1288 3149 1445 3228 elastico
1467 3145 1518 3226 de
1548 3164 1637 3246 ent,
1662 3145 1764 3222 ultro

444 3247 821 3351 consequitur,p0st
849 3244 1092 3330 debilitatum
1113 3263 1258 3328 motum
1281 3249 1484 3331 interioris
1517 3245 1626 3326 illius
1654 3241 1765 3324 subti·

445 3347 492 3426 lis
514 3350 702 3451 materiae,
723 3367 872 3432 motum
895 3372 1051 3453 quoque
1074 3372 1282 3453 aquearum
1298 3351 1458 3432 illarum
1479 3347 1762 3451 particularum

442 3449 623 3532 imminui
646 3468 859 3555 oportere3
885 3475 933 3530 ex
957 3477 1039 3554 quo
1063 3450 1256 3532 enascitur
1277 3475 1485 3556 aquearum
1504 3449 1664 3530 illarum
1686 3469 1763 3546 par·

443 3549 652 3634 ticularum
680 3551 822 3632 ardior
847 3551 1156 3653 approximatio,
1196 3566 1312 3655 atque
1345 3549 1647 3653 superficierum
1678 3571 1762 3634 con÷

442 3651 676 3754 ringentium
703 3653 820 3754 paulo
845 3656 967 3754 major
988 3651 1177 3753 offridus,
1204 3653 1333 3736 donec
1356 3652 1513 3736 tandem
1538 3647 1759 3732 cohaesio&

444 3750 606 3834 durities
627 3755 782 3857 irrepat.
833 3752 1035 3838 Pertendit
1061 3771 1253 3856 praeterea
1271 3764 1432 3834 Mairmm
1454 3749 1761 3861 imminutionem
1873 3827 1875 3838 ,

443 3873 572 3954 motus
602 3860 775 3938 materiae
809 3857 958 3938 subtilis
991 3857 1095 3936 inter
1127 3881 1241 3957 ‚aquae
1281 3855 1486 3944 interstitia
1515 3851 1764 3962 discurrentis
1874 3879 1875 3884 Ν

444 3979 533 4036 cum
562 3958 825 4042 diminutione
853 3974 980 4040 motus
1004 3956 1179 4036 materia·
1211 3957 1361 4038 subtilis
1391 3953 1596 4038 exterioris
1617 3949 1761 4064 elle-m
1873 3989 1875 3994 ·

444 4057 596 4138 ratione
623 4060 858 4161 composita,
890 4055 1171 4168 primoquidem
1214 4057 1409 4145 diminuti·
1433 4069 1559 4138 motus
1595 4068 1763 4165 materiae

445 4159 595 4244 subtilia
621 4163 842 4260 exterioris:
868 4177 951 4256 tum
970 4155 1311 4256 multiplicaturum
1337 4155 1676 4332 superficierum,b
1686 4173 1762 4254 quis

1678 4278 1723 4334 ua
