3900 4956
359 483 635 570 Dtssnnrarro
653 479 708 562 11.
732 475 802 560 Da
819 475 1060 562 Onnum
1080 473 1334 596 monitus.
1459 509 1514 598 33

66 689 67 694 Ν
130 711 135 725 t
214 676 278 760 fus
293 648 551 754 irresolubilia
572 689 819 769 corporum,
845 657 976 746 omnia
1001 661 1106 742 inter
1124 663 1165 744 se
1182 663 1392 771 dissimilia,
1419 693 1555 780 neque

240 801 286 858 er
302 773 406 858 aliud
426 769 551 874 quid,
579 791 695 873 quam
719 793 793 868 per
809 770 915 849 suam
938 779 1059 880 totam
1083 766 1285 852 entitatem
1313 775 1550 861 abinvicem

209 803 379 962 siscerni
396 873 508 954 :elie
520 891 647 951 tamen
667 871 886 952 substantias
921 871 1104 970 aquibus
1119 878 1545 977 totacorporumiden-

205 984 322 1081 titas,
348 973 547 1058 diversitas
564 988 632 1056 aut
649 972 859 1056 fimititudo
876 923 1097 1070 dependeat
1115 1001 1125 1048 a
1152 995 1321 1076 corpora
1337 997 1470 1060 autent
1492 1005 1545 1062 ex

205 1083 267 1166 his
285 1077 497 1178 composita
518 1101 599 1156 non
622 1074 697 1156 elie
714 1074 962 1175 substantias,
989 1070 1056 1151 sed
1076 1091 1279 1176 aggregata
1305 1104 1355 1161 ex
1380 1083 1439 1162 bis
1458 1083 1545 1164 sub-
1584 1171 1589 1182 x

196 1180 365 1268 ,stantun
416 1186 492 1262 Has
518 1195 647 1258 autem
677 1179 887 1278 particulas
912 1175 1094 1254 mincius
1118 1181 1271 1256 Monada
1299 1183 1543 1285 nominavit,

208 1305 357 1390 easque
375 1278 498 1360 activa
518 1279 685 1382 quadam
702 1279 769 1380 vi,
795 1280 888 1359 item
914 1271 1163 1374 sensationis,
1184 1273 1388 1388 defiderii,
1409 1285 1544 1390 imagi-

207 1384 375 1470 nationis
390 1382 430 1461 &
443 1381 650 1462 memoriae
669 1383 855 1466 facultate
870 1377 1057 1484 praeditas
1076 1375 1153 1455 elie
1172 1373 1297 1482 dixit,
1325 1403 1370 1465 ut
1393 1386 1546 1492 colligi.

210 1509 278 1574 tur
297 1483 399 1587 apud
421 1489 566 1584 Wolffium
584 1491 723 1584 Muapl.
738 1497 781 1576 t.
793 1509 861 1579 904
886 1478 1157 1580 t‘nullumque
1182 1479 1357 1566 absolute
1375 1487 1459 1568 dari
1478 1515 1546 1569 va-

212 1615 331 1676 cuum
355 1617 364 1665 ε
392 1609 437 1664 ac
458 1585 617 1683 spatium
633 1586 727 1666 nihil
753 1585 858 1665 aliud
875 1587 966 1680 elie,
988 1603 1103 1681 quam
1112 1601 1327 1681 corporum
1348 1591 1543 1672 extensio-

212 1721 318 1778 nem.
370 1693 453 1786 Jam
470 1686 628 1766 veroin
653 1684 937 1786 compositione
965 1703 1181 1782 corporum
1206 1688 1430 1772 exitiorum
1455 1694 1542 1776 sen·

212 1796 361 1892 tentia,
389 1798 501 1866 Morus
518 1812 597 1868 una
616 1786 693 1889 agit
711 1791 752 1868 in
769 1792 950 1883 alteram,
977 1783 1065 1863 aliae
1083 1787 1218 1865 rursus
1233 1813 1302 1869 rea
1357 1809 1429 1896 nt3
1465 1819 1549 1912 qua·

211 1899 366 1981 abbione
384 1892 423 1971 ta
436 1889 639 1968 reattione
654 1887 725 1991 lit,
744 1915 796 1970 ne
812 1887 1017 1990 particulae
1033 1885 1112 1964 itlae
1131 1887 1292 1989 simplici
1325 1917 1421 1990 tmae,
1437 1897 1542 1980 &rn-

210 1997 384 2083 extensae
404 1994 444 2071 se
463 1993 556 2070 totis
570 1991 787 2093 uniantur,
815 1987 881 2069 sed
898 2013 978 2071 una
996 2003 1105 2066 extra
1121 1989 1230 2073 aliam
1249 1993 1400 2075 exiliat.
1454 2004 1544 2083 Au·

211 2099 293 2183 divi
312 2105 400 2182 sane
417 2119 439 2171 a
456 2091 627 2196 quodam
645 2097 802 2174 buinidi
819 2091 1039 2174 adversario
1057 2142 1072 2189 ,
1102 2093 1212 2196 quod
1238 2096 1333 2174 tanti
1351 2099 1426 2178 viri
1443 2123 1543 2202 pace

209 2201 411 2294 dixerim,
440 2195 555 2274 etiam
584 2197 1014 2299 forte'cogitationibus
1038 2193 1218 2274 humanis
1249 2196 1348 2278 illud
1370 2201 1541 2282 concedi

206 2307 339 2406 polle,
366 2297 470 2382 utin
487 2296 526 2374 se
543 2309 655 2398 agant
672 2297 906 2398 streugam,
927 2295 1062 2400 sicque
1078 2295 1339 2396 compositum
1359 2301 1546 2380 materia·'

206 2403 245 2496 le
263 2433 303 2487 v.
316 2431 354 2511 g.
374 2401 555 2480 arborem
574 2413 834 2497 componant,
854 2395 881 2478 li
897 2400 987 2478 haec
1002 2399 1169 2498 potestas
1184 2399 1343 2503 prorsus
1352 2403 1392 2485 in
1401 2415 1539 2488 exten·

206 2502 254 2588 fis
274 2510 313 2590 da
332 2499 508 2586 animatis
528 2499 686 2578 minor·
699 2501 878 2578 mmdlas
895 2496 1137 2604 indulgetur.
1548 2527 1550 2532 ·

218 2649 227 2658 ·
306 2603 473 2708 Digelstt
499 2615 632 2682 autem
659 2605 803 2680 months
825 2603 910 2685 suas
935 2599 1180 2684 Leubnicius
1204 2603 1453 2708 quadruplici
1475 2629 1541 2686 or·

204 2713 322 2812 dine,
348 2729 496 2810 easque
510 2727 650 2786 omnes
665 2703 880 2790 secundum
897 2702 1178 2806 perfettiorem
1191 2706 1256 2784 vel
1275 2705 1541 2809 impersei‘tio-

203 2838 289 2897 rem
309 2809 471 2914 gradum
488 2804 682 2908 potentiae
704 2805 1024 2904 repraesentantis
1048 2805 1155 2886 ideas
1177 2804 1361 2889 distinxit.
1412 2807 1537 2888 Primi

206 2913 357 2998 ordinis
374 2913 519 2990 numdi
546 2904 676 2984 eidem
695 2929 740 2982 re
768 2909 980 2986 raesentant
997 2905 1103 2986 ideas
1118 2931 1253 2988 rerum
1272 2907 1438 2993 obscure
1454 2907 1538 2993 lios

203 3016 319 3102 sensu
335 3016 374 3100 sa
390 3001 657 3126 cogitatione,
684 2931 810 3088 reflui
828 3009 999 3090 luntres
1017 3003 1241 3090 inanimatae
1260 3039 1275 3114 3
1299 3009 1463 3092 secundi
1473 3035 1539 3092 or·

206 3116 308 3200 dinis
322 3115 468 3194 monadu
486 3109 626 3192 docuit
645 3105 722 3189 effe
741 3129 806 3188 eas
863 3131 960 3214 quae
983 3109 1175 3192 mundum
1195 3110 1304 3194 clare
1322 3113 1389 3195 sed
1408 3112 1538 3198 minua

206 3217 383 3300 distincte
405 3209 714 3316 repraesentant,
746 3163 893 3312 quibus
910 3207 1054 3292 animae
1071 3212 1278 3298 bmtorum
1294 3213 1540 3300 constituun-

206 3332 300 3420 tur,
323 3335 370 3398 ut
386 3319 514 3398 refert
528 3317 677 3392 taddeus
697 3318 914 3416 optandus.
928 3321 1009 3394 etat.
1061 3318 1275 3400 Hominum
1300 3335 1430 3400 autem
1456 3317 1540 3396 ani-

197 3420 287 3502 'mas
307 3415 492 3498 constitui
513 3415 644 3495 voluit
667 3415 868 3503 monadibus,
894 3437 990 3522 quae
1013 3419 1204 3502 mundum
1235 3422 1394 3502 &clare
1418 3421 1457 3500 dc
1481 3417 1536 3496 di·

203 3518 573 3608 stintteexhibeant.
625 3517 758 3598 Deum
770 3515 948 3620 denique
963 3514 1063 3596 dixit
1085 3519 1161 3599 elle
1169 3526 1331 3600 monadem
1341 3517 1540 3622 persentit

202 3629 358 3720 fimum,
385 3635 481 3724 quae
500 3619 538 3699 δι
559 3616 821 3720 praesentia&
838 3619 1043 3716 praeterita
1060 3621 1098 3698 dt
1114 3621 1264 3714 futura,
1285 3635 1406 3728 atque
1422 3619 1540 3701 etiam

66 3821 68 3823 ,
202 3720 392 3834 posibilia
408 3720 516 3802 simul
536 3715 811 3816 perfettiffima
826 3719 1103 3818 repraesentet.
1157 3729 1311 3803 Monada
1325 3747 1461 3808 rerum
1479 3723 1541 3804 in·
1685 3741 1693 3759 ¹

204 3830 458 3912 animatorum
482 3817 839 3914 vocavitinfimas:
866 3843 954 3922 eas,
982 3843 1079 3925 quae
1105 3823 1221 3904 bruta
1241 3824 1416 3907 animalia
1431 3849 1542 3906 com-

207 3943 382 4038 ponunt,
403 3923 550 4009 medias
571 3953 580 4002 t
606 3919 803 4020 supremas
823 3948 923 4003 vero
943 3945 1034 4022 eas,
1063 3926 1208 4030 quibus
1231 3929 1412 4012 humanae
1430 3952 1542 4008 men·

199 4051 264 4118 tes
283 4030 578 4111 constituuntur
598 4053 608 4104 t
635 4025 771 4106 Deum
789 4047 913 4126 porro
928 4027 1087 4108 vocavit
1098 4033 1264 4108 monadem
1279 4031 1441 4130 primam
1463 4026 1543 4109 ori·

124 4215 125 4218 t
203 4131 416 4238 poariam,
444 4131 654 4210 increatam
674 4127 712 4206 δι
728 4126 934 4210 infinitam.
991 4129 1186 4235 Quoniam
1206 4157 1307 4214 vero
1324 4133 1541 4214 omnismu·

206 4235 328 4342 tatio,
353 4255 449 4340 quoe
463 4231 507 4318 io
527 4227 957 4416 madlwcontissgit,
985 4247 1053 4313 aut
1071 4230 1223 4320 diversa
1244 4235 1462 4356 earundem
1478 4259 1540 4314 re·

261 4379 275 4407 ι
1386 4359 1507 4440 pron*
