3782 4958
451 461 532 556 276·
674 495 688 508 =
954 461 1219 536 sacmoum
1274 457 1306 534 1.

393 639 597 747 Quoniam
627 637 813 717 velocitas
835 635 1073 744 utriusque,
1100 640 1206 720 suam
1230 663 1302 742 per
1327 636 1473 718 mallem
1499 608 1731 739 multiplico-

396 759 435 821 ta
460 769 508 844 27
525 740 746 840 constituit,
772 739 884 823 nulla
912 742 988 819 erit
1015 740 1258 844 differentia,
1284 756 1398 844 atque
1425 741 1538 820 ambo
1566 737 1609 820 in
1631 769 1739 844 pum»

399 841 463 924 iio
489 841 675 924 allifionis
692 841 979 946 conquiescent,

504 957 673 1023 Tertium:
727 943 846 1052 Quod
866 943 893 1020 s1
912 943 993 1024 duo
1014 943 1122 1046 globi
1149 943 1365 1046 inaequales
1390 941 1594 1026 adversum
1619 945 1659 1023 se
1675 939 1735 1026 in*
1867 1025 1868 1028 a

274 1137 277 1142 ,
398 1047 525 1126 vicem
553 1053 787 1126 moveantur
810 1053 848 1126 Α
872 1046 908 1122 dc
928 1051 988 1134 Be
1026 1045 1136 1125 maiia
1162 1054 1191 1125 B
1219 1045 1354 1126 habeat
1383 1048 1422 1126 se
1446 1043 1666 1126 ad‘massam
1694 1057 1734 1130 A

396 1163 442 1237 ut
480 1143 575 1242 uad
610 1171 660 1226 1:
697 1145 948 1226 &velocitas
972 1152 1002 1226 B
1030 1147 1277 1248 concipiatur
1305 1146 1352 1226 ad
1378 1145 1621 1228 velocitatem
1652 1147 1737 1247 glca

397 1248 440 1324 bi
474 1255 513 1329 A
542 1259 628 1338 ut8
658 1244 705 1325 ad
727 1269 783 1329 12·
836 1255 1112 1348 4><8=32·
1177 1261 1469 1346 ¹X12ZI2·
1513 1247 1736 1328 differenda

398 1351 598 1452 utriusque
624 1376 675 1432 ao
693 1345 890 1430 dividatur
913 1373 985 1452 pce
1006 1349 1133 1428 malias
1163 1371 1248 1444 4-1-
1271 1379 1286 1432 ι
1310 1381 1361 1437 ::
1382 1379 1425 1448 5,
1450 1350 1736 1454 habebiturque

398 1451 583 1530 velocitas
607 1464 651 1530 ut
675 1473 722 1550 4,
773 1475 822 1529 ua
849 1475 992 1554 colpus
1016 1467 1229 1554 utrumque
1251 1455 1337 1556 post
1353 1451 1569 1534 allisionem
1595 1451 1735 1533 eadem

399 1548 619 1634 directione
639 1481 870 1632 mavelim

659 1724 859 1836 Corporum
889 1723 1109 1839 elasticorum
1135 1695 1325 1840 collisorum
1356 1729 1486 1837 Leges.

396 1867 426 1966 ς.
446 1878 529 1963 333.
556 1863 736 2036 Motus
758 1856 1005 1940 elasticorum
1021 1884 1235 1958 corporum
1253 1859 1336 1958 post
1354 1859 1596 1940 collisionem
1617 1861 1736 1960 longe

673 1957 851 2039 diversus
867 1961 922 2041 est
942 1960 989 2036 ab
1007 1959 1078 2043 illo
1094 1974 1220 2062 motu,
1238 1985 1351 2062 quem
1372 1985 1541 2062 corpora
1558 1987 1640 2040 non
1659 1965 1737 2042 ela·-

394 2060 489 2142 stica
503 2059 638 2140 collisa
654 2077 848 2142 exercent
885 2061 1005 2160 Cuius
1015 2059 1251 2141 discriminis
1268 2060 1308 2138 id
1320 2061 1486 2162 primum
1500 2087 1737 2148 commemo

396 2163 475 2242 rari
505 2161 650 2262 debet3
686 2162 792 2267 quod
818 2163 846 2242 fi
869 2157 1091 2262 hujusmodi
1117 2163 1272 2242 collisio
1301 2163 1346 2242 fit
1392 2179 1434 2244 ut
1460 2162 1542 2244 duo
1569 2189 1736 2266 corpora

396 2289 479 2344 non
509 2263 667 2344 clastica
698 2287 773 2366 per
804 2285 887 2343 eam
926 2262 1089 2365 ssmplici
1114 2262 1285 2370 quadam
1308 2289 1359 2344 ve
1375 2265 1515 2344 ocitate
1542 2263 1742 2346 donaren-

396 2380 486 2464 tur,
515 2361 754 2468 produceret
781 2363 849 2444 illa
877 2365 1029 2446 collisio
1058 2366 1099 2444 in
1127 2363 1292 2448 elasticis
1320 2367 1550 2467 corporibus
1583 2369 1736 2468 semper
1867 2419 1868 2428 t

397 2464 554 2565 duplam
577 2466 846 2569 velocitatem3
873 2490 965 2571 quae
992 2465 1136 2566 duplex
1157 2467 1342 2547 velocitas
1363 2466 1453 2546 addi
1473 2465 1591 2546 debet
1610 2471 1735 2568 priori

397 2567 574 2668 corporis
598 2565 818 2668 velocitati,
844 2585 885 2650 ut
901 2567 1088 2648 velocitas
1106 2570 1191 2668 post
1212 2563 1456 2648 colliiionem
1477 2568 1735 2652 determinari

395 2675 540 2770 potiit·
580 2670 800 2767 Praeterea,
824 2669 850 2748 si
880 2669 966 2750 talis
990 2667 1036 2748 iit
1060 2671 1236 2770 collisio,
1257 2685 1299 2750 ut
1317 2693 1484 2771 corpora
1507 2695 1588 2750 non
1607 2674 1736 2753 elasti·

395 2797 535 2875 caper
563 2793 646 2850 eam
683 2771 847 2888 fimplici
874 2771 1037 2878 quadam
1062 2772 1268 2852 velocitate
1296 2769 1633 2883 destituerenture
1668 2772 1736 2852 def

392 2875 523 2954 stituet
554 2874 642 2952 haec
667 2871 818 2953 collifio
847 2899 1014 2976 corpora
1038 2873 1190 2956 elastica
1225 2873 1310 2974 post
1334 2873 1456 2956 iilum
1492 2872 1642 2974 duplici
1668 2899 1735 2954 ve-

392 2975 576 3073 locitate,
604 2997 696 3078 quae
719 2974 854 3054 rursus
874 2975 994 3080 dupla
1020 2975 1204 3054 velocitas
1231 3002 1252 3052 a
1271 2973 1395 3074 priori
1416 2975 1623 3056 velocitate
1645 2995 1735 3060 ante

393 3075 639 3154 collilionem
675 3073 935 3158 subtrahenda
964 3077 1049 3174 est,
1084 3089 1126 3156 ut
1161 3077 1345 3156 velocitas
1374 3076 1551 3174 corporis
1588 3077 1735 3158 elastici

272 3209 276 3218 ·
391 3177 478 3278 post
496 3173 743 3254 collisionem
767 3194 881 3280 queat
905 3175 1081 3258 definiri.
1132 3177 1319 3277 Denique
1349 3177 1576 3275 cumprimis
1597 3175 1736 3263 adver=

390 3273 553 3356 tendum
581 3275 675 3374 est,
711 3275 817 3377 quod
846 3279 938 3364 dum
969 3277 1050 3378 duo
1086 3299 1252 3378 corpora
1283 3275 1436 3356 elastica
1463 3279 1734 3380 colliduntur,

355 3479 357 3484 ,
391 3393 504 3486 atque
531 3401 653 3456 unum
682 3375 728 3454 ab
758 3378 884 3462 altero
911 3379 1118 3482 impulsum
1146 3379 1311 3478 recipit,
1337 3373 1578 3460 reauionem
1605 3381 1737 3460 rursus

390 3481 559 3590 aliquam
585 3502 726 3577 corpus
751 3479 958 3584 impulsum
984 3483 1026 3562 in
1051 3477 1122 3581 id,
1148 3503 1169 3560 a
1200 3481 1279 3583 quo
1306 3478 1520 3578 impellitur
1543 3497 1733 3562 exerceat

344 3664 347 3672 .
391 3589 555 3688 (§·106·
582 3589 657 3692 lege
673 3582 774 3683 Ill).

441 3905 457 3973 1
480 3923 605 4005 corpora
621 3901 683 3977 duo
703 3901 819 3997 elafiica
837 3900 1047 3997 collidantur,
1073 3923 1207 3998 quoram
1232 3901 1282 3974 vel
1303 3923 1399 3973 unum
1423 3893 1582 3998 quiescat,
1600 3896 1651 3967 uel
1666 3920 1733 3968 aaa·
1830 3891 1835 3900 ’

424 4037 427 4048 ·
461 3995 496 4070 lo
513 4003 616 4074 eadam
646 4001 808 4078 dtreeioae
824 4006 994 4104 feramur,
1017 3999 1158 4103 procedat
1180 4001 1242 4101 poll
1270 4003 1445 4099 collifiomm
1471 4001 1635 4100 impulsum
1665 4022 1731 4070 cor·

382 4123 443 4200 pm
468 4101 630 4176 tirellum
650 4104 847 4201 impellentis,
872 4101 915 4176 e*
932 4102 1058 4204 quidem
1083 4103 1239 4198 compofito
1264 4103 1429 4175 velocitatis
1456 4098 1590 4200 gradu,
1616 4122 1655 4168 ex
1680 4098 1731 4168 illa

391 4203 536 4306 impetu,
559 4229 651 4305 quem
680 4203 718 4280 ab
742 4205 914 4306 impellente
936 4209 1097 4306 percepit,
1124 4205 1166 4278 ὅ
1186 4228 1227 4293 ex
1256 4209 1373 4304 impetu
1394 4210 1527 4305 propria
1548 4205 1725 4276 ruilione:

1610 4321 1680 4374 cer·
