3782 4958
480 377 559 478 460
930 381 1195 468 suesionis
1251 387 1302 465 ΙΙ,

438 559 510 638 niis
527 553 736 636 cuticulam
762 574 882 638 armat
905 579 1041 641 contra
1066 566 1233 646 nimium
1259 569 1400 648 caloris
1428 571 1607 674 indum,
1632 587 1675 652 ut
1695 575 1752 654 tali

437 657 554 771 succo
578 657 721 772 illitus,
747 657 894 740 illaesus
919 662 1019 743 seras
1045 682 1107 748 aut
1132 693 1276 770 prunas
1303 669 1451 770 imponi
1477 675 1677 772 manibus,
1699 692 1754 754 aut

435 772 550 836 etiam
576 760 759 860 liquatum
785 761 831 839 iis
858 763 1087 862 superfundi
1107 772 1321 870 plumbum.
1372 773 1491 886 Quod
1516 773 1673 878 quidem
1692 774 1756 852 sci·

436 883 482 936 re
509 859 684 938 securius
709 874 864 961 putem,
888 891 1005 965 quani
1031 891 1229 950 exercere.
1281 873 1473 972 Anglicus
1497 874 1681 978 chymilia
1706 885 1757 954 ssi-

294 1031 298 1040 .
438 965 563 1138 chargis
577 961 726 1042 serrum
745 963 914 1042 candens
932 967 1186 1071 inmanibus,
1208 973 1322 1074 super
1340 975 1473 1074 lingua
1491 996 1615 1058 auteni
1633 975 1759 1056 vivum

437 1085 506 1176 car
524 1087 649 1176 'onem
676 1077 853 1162 tempore
879 1067 931 1144 sat
955 1071 1108 1170 prolixo
1134 1073 1309 1154 sustinuit
1332 1099 1346 1174 3
1381 1075 1485 1176 quod
1507 1077 1662 1180 quidam
1693 1095 1760 1174 ope

439 1163 598 1262 spiritus
624 1163 837 1266 sulphuris,
863 1169 949 1247 salis
974 1173 1237 1272 ammoniaci,
1262 1177 1434 1256 essentiae
1459 1175 1759 1272 Rosmarini,&

439 1261 549 1444 fugel
567 1289 773 1368 ceparum,
799 1270 940 1372 aequali
965 1273 1075 1372 copia
1097 1277 1395 1358 commixtorum
1420 1279 1639 1376 praestitum
1657 1275 1761 1356 suisse

440 1391 485 1444 ar
512 1387 694 1447 iirantur.

267 1486 429 1568 vallesii·
542 1473 575 1584 lg
594 1494 675 1570 513·
701 1471 1032 1574 Instrumentum,
1058 1500 1135 1580 quo
1163 1479 1301 1558 calosis
1323 1479 1488 1560 indicari
1514 1480 1762 1582 graduscorn

269 1593 405 1666 gam.
441 1593 600 1670 monui,
616 1575 870 1650 isimomurimi
890 1575 956 1652 seu
972 1585 1220 1684 therinoscipi'iim
1240 1582 1485 1682 nominatur3
1510 1581 1618 1686 quod
1631 1581 1762 1659 inven-

268 1713 415 1769 ΜΨ,
442 1685 566 1749 torem
583 1672 719 1754 habuit
737 1682 913 1752 Cornelium
939 1678 1163 1778 Dressisium,
1190 1680 1327 1760 infima
1346 1682 1395 1760 dc
1416 1683 1533 1784 plebe
1551 1684 1592 1760 in
1610 1681 1763 1762 Hollan·

269 1795 435 1882 2¹41(ng
445 1769 507 1850 dia
530 1790 671 1856 natum.
724 1777 800 1852 Hic
826 1775 983 1874 globum
1006 1775 1174 1860 vitreuin
1194 1789 1262 1882 A,
1297 1785 1338 1862 in
1366 1791 1395 1862 B
1421 1783 1762 1864 communicantem
1830 1774 1835 1866 ]

270 1897 397 1998 5391,
443 1873 791 1976 tuboCaccepit3
818 1879 953 1958 tubum
975 1885 1008 1958 C
1032 1879 1204 1962 inedium
1232 1886 1422 1988 usquein
1453 1882 1763 1988 anuaimple·
1832 1873 1835 1930 l

286 2041 293 2052 .
442 1977 521 2080 vit,
548 1976 799 2078 eundemque
823 1979 933 2058 alteri
955 1977 1031 2056 vasi
1063 1999 1196 2080 aperto
1223 1989 1288 2084 D,
1314 1985 1457 2084 pariter
1481 2009 1616 2090 aquam
1646 1980 1764 2063 conti·

344 2151 349 2162 .
443 2082 579 2180 nenti,
604 2081 818 2180 immersit,
846 2099 966 2184 utque
983 2107 1080 2184 aqua
1106 2087 1225 2184 magis
1241 2087 1332 2165 esset
1349 2085 1390 2162 in
1416 2088 1518 2165 vitro
1545 2085 1766 2185 conspicua,

441 2181 647 2264 admiscuit
667 2183 793 2262 eidem
813 2183 954 2264 sextam
972 2199 1118 2282 partem
1136 2211 1246 2288 aquae
1269 2187 1414 2288 regim,
1441 2194 1481 2288 iii
1498 2215 1578 2290 quo
1591 2184 1767 2266 aurichal·

444 2309 532 2362 cuni
557 2283 683 2365 suerat
707 2287 904 2386 solutum,
929 2299 970 2362 ut
1001 2309 1142 2386 nempe
1170 2291 1285 2368 color
1311 2285 1452 2369 viridis
1475 2287 1788 2390 produceretur.-

445 2388 579 2488 itaque
605 2411 696 2466 cuin
732 2387 946 2466 accessione
981 2386 1191 2489 cujuspiam
1226 2389 1366 2468 caloris
1401 2399 1497 2490 asr,
1522 2389 1564 2466 in
1590 2391 1708 2488 globo
1733 2393 1768 2462 Α

398 2537 403 2544 -
445 2501 680 2588 contentus,
705 2487 912 2567 raresatsus
945 2487 1095 2588 suerit,
1129 2490 1244 2568 saciet
1279 2491 1472 2596 liquorem
1509 2491 1550 2568 in
1585 2491 1683 2570 rubo
1711 2487 1768 2562 de·

445 2589 663 2690 scendere3
714 2591 861 2669 Rursus
886 2615 976 2670 cuin
1003 2607 1170 2691 urgente
1196 2590 1344 2690 frigore
1369 2603 1436 2670 aer
1461 2591 1502 2668 in
1538 2593 1660 2690 globo
1684 2613 1769 2666 con·

443 2689 680 2794 stringitur,
715 2689 885 2784 ascendit
912 2693 1050 2794 liquor.
1120 2701 1205 2774 Hoc
1226 2693 1574 2790 thermometrum,
1600 2689 1769 2794 quamvis

444 2793 606 2907 plenum
634 2793 679 2871 sit
705 2792 875 2891 fallacia,
901 2809 1109 2894 propterea
1134 2792 1239 2897 quod
1266 2793 1294 2872 si
1317 2805 1385 2874 aer
1400 2807 1581 2872 externus
1597 2812 1770 2893 premens

448 2917 490 2970 iii
515 2897 557 2972 D
584 2893 703 2997 magis
729 2895 906 2976 elasticus
940 2893 1133 2995 evaserit,
1172 2919 1285 2998 quani
1323 2895 1368 2974 sit
1400 2905 1467 2976 aer
1500 2896 1541 2972 in
1569 2894 1690 2994 globo
1717 2899 1769 2988 A,

435 2991 519 3072 'siat
544 2995 705 3113 liquoris
731 2997 925 3096 ascensus,
952 3011 1133 3078 manente
1160 2997 1273 3074 etiam
1300 2995 1440 3092 eodem
1467 2995 1605 3076 caloris
1630 2991 1768 3093 gradu3

448 3119 643 3196 quamvis,
669 3097 845 3201 inquam,
871 3099 1190 3178 thermometrum
1216 3097 1315 3178 illud
1353 3097 1473 3178 multa
1499 3091 1770 3176 incertitudine

448 3191 624 3298 laboret3
650 3199 759 3300 Jubet
782 3215 910 3280 tamen
937 3195 1083 3278 autiori
1110 3200 1178 3278 suo
1202 3201 1360 3374 gratiani
1387 3197 1550 3296 haberi3
1577 3197 1646 3275 ille
1674 3194 1769 3274 eniin

446 3295 782 3382 luculentissimam
837 3299 967 3382 raeivit
993 3301 1155 3398 posteris
1181 3327 1199 3376 a
1245 3303 1410 3401 majores
1428 3297 1646 3401 progressus
1665 3297 1768 3376 viam.

287 3409 437 3484 Florenti-
553 3409 685 3506 §.514
711 3414 795 3482 Aca
826 3403 938 3482 emici
958 3400 1176 3482 Florentini
1194 3401 1303 3480 altius
1330 3400 1556 3482 Drebbellii
1570 3401 1768 3510 inventum

279 3533 369 3582 iiim.
452 3507 622 3583 evexbre
649 3533 658 3580 :
687 3503 847 3605 globum
883 3503 1054 3582 vitreum
1087 3511 1141 3603 B,
1168 3501 1231 3582 cui
1268 3525 1442 3582 annexus
1473 3503 1595 3585 tubus
1629 3499 1770 3602 gracilis

286 3611 436 3686 mxlv.
452 3607 553 3704 DC,
579 3603 714 3704 spiritu
739 3604 823 3683 vini
850 3599 1065 3682 restisicato
1091 3603 1383 3704 impleverunt,
1408 3602 1450 3683 in
1478 3615 1569 3684 abre
1594 3617 1770 3702 tempera·

284 3711 349 3815 sig.
378 3737 405 3787 2.
453 3723 516 3802 to,
541 3707 591 3786 ita
617 3722 660 3788 ut
685 3707 816 3813 liquor
841 3725 961 3808 usque
989 3701 1030 3782 in
1056 3707 1097 3786 D
1124 3703 1391 3806 peitingereta
1427 3721 1512 3786 tum
1528 3703 1610 3785 tubi
1628 3699 1770 3815 summi·

458 3819 572 3886 tatem
590 3809 805 3889 hermetice
821 3805 1063 3908 sigillarunta
1099 3805 1350 3887 indefessum
1370 3809 1458 3907 est,
1482 3820 1528 3886 ut
1552 3803 1707 3904 spiritus
1726 3827 1770 3878 vi

457 3905 522 4003 ni,
548 3913 614 4012 qui
642 3913 868 4014 pronissime
896 3906 1156 4012 expanditur,
1183 3907 1230 3988 ad
1254 3929 1410 3988 omnem
1435 3905 1574 3987 caloris
1597 3904 1770 4018 allapsum

342 4054 418 4152 ss
455 4007 655 4114 ascendat,
682 4013 889 4093 descendat
911 4025 1036 4090 autem
1056 4011 1093 4086 in
1111 4012 1268 4110 frigore.
1320 4009 1486 4111 Spiritus
1507 4003 1590 4084 vini
1611 4005 1769 4106 pauxillo

269 4097 382 4218 ,Ἠ
434 4113 589 4213 ⁸appo,
615 4133 677 4198 aut
700 4113 821 4194 radici
848 4129 1046 4193 curcumae
1074 4109 1316 4211 superfusus,
1353 4107 1586 4210 tandemque
1611 4106 1770 4285 pez-{ola
