3782 4958
456 493 536 576 292
724 465 729 480 '
915 474 1182 557 Secrronrs
1211 473 1244 564 1..

306 699 316 714 ν
356 656 614 736 --eliberatas
636 651 866 756 senserant,
886 679 976 737 cum
1000 657 1171 762 expuliis
1195 658 1275 740 illis
1298 603 1478 764 malignii
1497 661 1741 765 humoribus,

407 757 656 842 medicorum
675 773 780 860 arte,
801 755 949 840 sanitati
967 759 1058 843 sunt
1077 763 1276 844 restitutae.

234 871 369 948 tatium
507 865 537 964 u
571 886 657 964 343.
708 863 833 942 Porro
848 877 996 961 praeter
1012 862 1167 964 pastum
1194 861 1297 946 illud
1316 881 1513 971 apertuit,
1538 889 1629 948 cum
1646 866 1740 948 malo

232 975 370 1077 nuptam
407 959 592 1044 daemone
618 961 780 1062 initum,
804 961 877 1040 alia
901 965 958 1046 est
983 969 1123 1068 magiae
1139 965 1275 1046 illicita
1293 969 1315 1047 s
1335 969 1463 1070 ecies,
1489 991 1580 1049 cum
1596 967 1741 1070 pastum

234 1095 314 1152 m
406 1065 638 1170 implicimm
667 1065 716 1181 fit
750 1063 798 1144 ad
824 1063 1024 1150 inufitatos
1049 1066 1212 1150 effeetus
1238 999 1552 1173 producendos,
1579 1091 1740 1178 cumque

406 1167 582 1270 perverii
606 1167 783 1248 homines
808 1169 938 1248 animo
959 1170 1015 1249 fic
1037 1172 1246 1274 comparati
1270 1175 1383 1277 sunt,
1407 1189 1452 1254 ut
1476 1197 1542 1252 res
1589 1195 1744 1253 uascun·

404 1296 512 1376 que,
538 1267 668 1370 seiptis
683 1269 931 1374 inefficaces,
957 1289 1024 1356 aut
1052 1276 1296 1356 ceremonias
1318 1277 1481 1358 inutiles
1504 1290 1566 1354 tra
1604 1299 1669 1352 are
1688 1271 1741 1354 ul·

404 1389 468 1454 tro
488 1371 741 1475 defiderent3
769 1371 940 1474 simodo
961 1377 1107 1457 exinde
1126 1373 1311 1470 effecum
1354 1378 1574 1482 uempiam,
1592 1399 1749 1476 perver··
1824 1457 1829 1490 Ι

406 1475 456 1556 iis
479 1475 558 1556 suis
581 1473 714 1554 illiciis
738 1475 1042 1577 respondentem
1071 1481 1283 1561 obtineant.
1378 1481 1551 1584 enique,
1569 1505 1664 1560 cum·
1684 1478 1740 1560 su·

405 1575 625 1681 perstitiose
652 1577 801 1682 agino,
824 1595 890 1662 aut
905 1581 946 1660 vi
1012 1607 1029 1661 s
1048 1579 1248 1662 efficiendi
1273 1583 1390 1682 supra·
1402 1598 1559 1663 naturae
1580 1579 1683 1684 vires
1704 1579 1742 1658 in
1854 1675 1855 1684 Ν

406 1695 584 1764 creatura
601 1679 830 1785 reponitur,
850 1695 935 1763 tum
953 1683 1016 1762 dia
1046 1687 1134 1768 olus
1149 1682 1197 1762 ad
1216 1683 1427 1768 effettuum
1446 1679 1741 1784 produtiionem

406 1783 504 1862 solet
520 1806 785 1885 concurrere,
806 1799 849 1864 ut
867 1809 1011 1886 nempe
1029 1789 1211 1866 humanas
1230 1787 1376 1869 animas
1397 1789 1439 1868 in
1455 1785 1515 1866 his
1532 1783 1740 1884 erroribus,

406 1881 586 1986 dignitati
613 1885 750 1966 summi
776 1887 945 1968 Domini
964 1887 1146 1990 injuriam
1173 1888 1458 1990 inserentibus,
1485 1885 1634 1966 diutius
1658 1885 1742 1966 reti·

405 2002 516 2090 neat,
532 2003 647 2090 atque
664 1988 706 2066 in
727 2012 860 2069 earum
876 1985 1041 2072 interitu
1059 1991 1219 2074 exultet
1281 1995 1416 2072 Unum
1439 1989 1505 2068 hie
1528 1985 1741 2070 adhucdum

405 2089 447 2168 in
478 2092 614 2171 uirere
638 2090 802 2191 attinet3
828 2115 877 2169 an
898 2089 1087 2172 videlicet
1117 2092 1303 2174 naturalis
1325 2094 1519 2196 quaepiam
1553 2090 1743 2170 mirabiles

405 2117 570 2274 eflqettos
594 2191 837 2294 producendi
863 2192 923 2274 vis
949 2192 1041 2272 infit
1060 2195 1228 2278 vocibus
1249 2193 1513 2300 quibusdam,
1539 2189 1657 2292 signis
1682 2205 1739 2272 aut

406 2295 717 2376 charatteribus?
735 2293 776 2374 in
792 2295 851 2374 his
865 2297 1016 2398 quippe
1029 2319 1206 2397 magnam
1222 2323 1305 2380 non
1326 2323 1416 2378 raro
1432 2292 1625 2377 fiduciam
1641 2293 1742 2375 semi-

406 2395 512 2479 dotti
532 2397 728 2478 collocare
748 2396 883 2476 solent.
935 2399 991 2488 sit

762 2567 1390 2690 puorosmo‘

233 2707 377 2810 'Efficacia
405 2716 435 2820 §.
461 2735 551 2820 344„
583 2711 749 2854 Vbctbus
764 2767 779 2816 ,
794 2689 891 2818 fignu
905 2717 1013 2828 vatque
1036 2693 1258 2794 ctoauerttus
1280 2717 1371 2793 ‘nuda
1394 2715 1463 2814 insti
1477 2715 1591 2827 fiupte
1616 2735 1744 2814 utura,

230 2813 395 2894 uocum&
435 2875 437 2880 -
657 2837 727 2904 υυς
751 2819 872 2920 insolita¹
897 2817 1174 2922 opera‘effitimdi.

232 2919 384 2993 charada
502 2921 596 3000 Vox
619 2913 816 3021 siquidem¹
835 2915 1065 3008 nihilaliud
1091 2919 1171 3018 est,
1195 2940 1309 3022 quam
1333 2917 1455 3000 sonus
1481 2937 1531 2994 ex
1565 2941 1635 3000 ore
1663 2943 1741 3018 pro·

231 3043 317 3097 runt.
405 3018 565 3120 cedens,
576 3019 644 3121 qui
661 3017 1360 3126 tremore'quodamac‘undulatione
1369 3021 1443 3136 per
1458 3027 1590 3100 aerem
1613 3021 1741 3120 propa

406 3125 576 3225 gatur(§.
588 3127 715 3304 tssop,
726 3146 861 3226 acpro
878 3121 985 3201 varia
1003 3121 1282 3202 enunciatione
1297 3133 1423 3203 varias
1438 3129 1531 3225 ies,
1556 3147 1606 3201 ex
1622 3122 1738 3199 libera

404 3221 672 3310 hominumini
691 3223 857 3305 itutione
873 3220 1079 3324 fignificat,
1087 3236 1131 3302 ut
1141 3223 1248 3306 infra·
1257 3219 1435 3324 ‘dicetur3
1456 3223 1578 3323 igitur
1596 3241 1740 3330 natura:

401 3325 454 3412 lis
477 3321 668 3414 efficaciae
690 3321 890 3428 nonnihil
914 3323 1061 3426 habet,
1087 3335 1205 3428 quani
1230 3323 1381 3404 variam
1398 3323 1499 3406 aeris
1518 3323 1739 3406 commotio·

406 3452 521 3530 nem3
543 3427 638 3506 hinc
655 3427 769 3507 etiam
794 3428 835 3504 in
855 3451 979 3528 vaeuo
996 3426 1128 3508 ant'liae
1144 3426 1276 3524 omnis'
1288 3427 1403 3508 sonus
1423 3425 1555 3530 ceffat,
1571 3453 1622 3509 eo
1640 3419 1737 3529 quod

405 3533 603 3636 campana,
613 3524 974 3633 quomodocunque
990 3525 1227 3629 percutiatur
1242 3539 1435 3610 tremores
1451 3529 1543 3611 suos
1558 3555 1648 3612 cum
1665 3526 1737 3605 alio

405 3635 565 3716 interno
585 3651 754 3732 corpore
770 3629 1063 3710 communicare
1084 3638 1259 3735 nequeat.
1275 3636 1427 3738 'Quare
1444 3631 1586 3712 frustra
1603 3627 1739 3710 avoei·

408 3735 480 3820 bus
497 3735 721 3838 expatiatur
735 3731 809 3812 alia
825 3728 1026 3812 efficiendi
1045 3727 1125 3844 vig,
1143 3729 1222 3846 nisp
1232 3755 1294 3834 ea,
1309 3759 1426 3837 quam
1446 3741 1514 3814 aer
1531 3743 1743 3822 commotus

406 3837 537 3937 habet,
545 3837 614 3939 qui
625 3848 733 3915 certo
746 3834 786 3913 se
795 3857 844 3915 eo
862 3861 942 3914 non
951 3831 1192 3932 extendunt
1213 3835 1738 3939 internitlanguores&mor-

409 3939 451 4016 bi
471 3964 684 4040 corporum
702 3935 825 4018 sanari
841 3968 849 4017 :
866 3953 931 4026 aut
950 3933 1049 4015 sanis
1064 3931 1289 4020 hominibus
1305 3961 1377 4043 per
1391 3935 1674 4021 incantationes
1682 3931 1736 4012 in·

408 4037 574 4142 firmitas
590 4038 727 4118 induci
747 4039 909 4122 naturali
930 4037 1075 4120 ordine
1092 4037 1212 4135 poffit.
1361 4053 1366 4068 ·

239 4145 389 4248 Talisma·
511 4143 636 4243 §.etp
661 4141 737 4218 Per
756 4141 862 4242 figna
877 4141 999 4237 varia,
1015 4135 1139 4216 veluti
1158 4137 1387 4239 Talisnata,
1403 4137 1678 4243 intelliguntur
1692 4135 1735 4218 fia

262 4271 309 4326 te.
409 4265 524 4348 gurae
533 4241 725 4348 quaepiam
742 4239 914 4322 nummis
929 4237 1146 4344 metallicis,
1155 4253 1218 4328 aut
1228 4239 1386 4356 annulis
1402 4243 1659 4345 lapidibusve,
1670 4240 1733 4321 sub
1803 4293 1806 4300 ·

1607 4365 1690 4423 cer·
