3878 4958
984 381 1024 398 d

460 519 536 580 110
655 460 659 472 ¹
997 487 1211 574 Sacrroms
1236 487 1271 574 1.

405 679 565 763 suarum
581 671 747 778 partium
766 687 942 757 mutuam
960 673 1221 757 cohaesronem
1237 677 1274 758 dr
1293 674 1586 786 attrattlonem,
1611 681 1746 788 super.

406 783 547 864 ficiem
573 801 791 858 convexam
807 781 872 880 D3
905 781 955 858 In
971 777 1044 856 hac
1063 800 1242 860 convexa
1261 778 1477 882 superficie
1494 784 1636 886 globus
1653 787 1746 870 niti·

409 881 544 964 dusE
572 879 783 962 attrahetur
807 878 928 982 magia
952 882 998 958 ab
1023 879 1150 960 altiori
1175 907 1303 984 aqua,
1338 881 1510 987 ideoque
1530 887 1684 976 seretur
1702 893 1746 974 in

407 985 585 1092 medium
602 985 666 1084 D,
695 981 723 1061 fi
739 1007 839 1066 vero
856 983 998 1088 globus
1013 981 1185 1066 infestos
1200 992 1241 1062 A
1261 981 1445 1066 immissus
1462 988 1616 1093 suerit,
1651 989 1756 1074 cum*

402 1091 458 1170 ob‘
472 1083 730 1168 insettionem
748 1089 852 1168 suam
870 1087 916 1164 ab
936 1110 1035 1187 aqua
1052 1110 1133 1166 non
1149 1085 1343 1186 trahatur,
1371 1089 1538 1170 naturali
1557 1095 1745 1193 gravitate

402 1191 471 1273 sua
486 1187 535 1270 ad
553 1189 852 1291 profundiorem
868 1189 1032 1286 locum,
1064 1209 1206 1288 nempe
1226 1183 1273 1266 ad
1291 1189 1389 1270 tatus
1403 1191 1501 1272 valis
1520 1191 1744 1280 descendet.

402 1297 509 1399 Quae
528 1292 659 1372 omnia
675 1293 932 1390 phaenomena
950 1289 1066 1372 etiam
1084 1291 1156 1374 sub
1175 1312 1357 1392 campana
1373 1291 1506 1378 antliae
1523 1291 1665 1378 eodem
1689 1311 1747 1380 te·

404 1419 509 1482 nore
521 1407 774 1492 peraguntur.

236 1492 321 1576 Tol..
340 1497 382 1569 ll.
505 1499 573 1576 xl.
607 1492 722 1573 sitin
740 1491 830 1574 vase
845 1498 886 1572 A
901 1492 971 1570 Ba
1000 1515 1052 1572 ua
1069 1489 1240 1573 colorata
1258 1513 1295 1572 v.
1322 1514 1357 1594 g.
1380 1493 1536 1598 rubra3
1572 1499 1616 1580 in
1641 1499 1747 1580 hanc

232 1605 305 1704 sig-
321 1617 360 1681 2·
402 1623 544 1704 aquarn
554 1597 839 1696 immergantur
857 1591 939 1677 duo
955 1518 1068 1694 piano
1086 1595 1210 1672 vitrea
1230 1591 1441 1676 madefacta
1458 1597 1577 1699 polita
1595 1607 1628 1684 C
1646 1603 1687 1684 D
1708 1607 1745 1684 Ε

404 1709 459 1803 F,
484 1695 691 1800 conjuntta
710 1697 753 1777 in
780 1699 891 1799 CD,
916 1693 1111 1796 paulisper
1127 1717 1225 1774 vero
1244 1693 1411 1778 distenta
1439 1699 1534 1784 inE
1551 1708 1585 1784 F
1597 1727 1610 1804 3
1645 1727 1747 1804 aqua

405 1807 508 1885 intra
523 1799 714 1904 planailla
733 1798 933 1879 attrahitur
953 1819 1003 1878 eo
1018 1795 1160 1899 altius,
1191 1821 1274 1898 quo
1299 1799 1434 1882 minus
1450 1803 1564 1902 plana
1577 1803 1647 1886 illa
1665 1831 1685 1882 a
1703 1805 1745 1882 se

399 1905 576 1990 invicem
594 1903 756 2008 distant,
782 1899 1044 2014 formabitque
1058 1897 1203 2013 lineam
1221 1907 1487 1986 curvamGH
1504 1909 1538 1986 Ι.
1587 1911 1650 1990 Ex
1690 1931 1745 1986 ua

404 2009 539 2111 figura
554 2021 680 2107 patet,
703 2002 969 2086 attraffionem
986 2024 1029 2078 rn
1048 1997 1228 2082 distantia
1245 2002 1385 2102 majori
1399 2005 1659 2092 vehementer
1666 1933 1747 2086 tileo

401 2113 612 2212 crescere,
636 2108 842 2188 lentissime
861 2128 963 2184 vero
979 2101 1021 2182 in
1040 2099 1202 2182 minima
1220 2101 1412 2186 distantia.

236 2221 360 2305 Tam.
506 2213 594 2295 XII.
619 2220 755 2314 Aquae
769 2219 805 2290 A
821 2214 852 2288 Β
873 2205 1157 2304 immergantur
1174 2203 1306 2290 tubuli
1328 2207 1449 2288 vitrei
1469 2263 1486 2312 ,
1510 2206 1605 2292 dieti
1623 2219 1746 2319 capilla-

231 2333 355 2434 Im.
401 2345 475 2417 ro,
500 2313 691 2416 utrinque
710 2311 832 2414 aperti
850 2311 905 2410 C,
927 2308 998 2408 D,
1021 2312 1082 2408 E,
1117 2331 1219 2409 aqua
1232 2307 1277 2389 in
1298 2331 1367 2394 eos
1382 2311 1520 2412 sponte
1541 2315 1725 2394 ascendet

180 2459 184 2466 ·
402 2417 441 2496 dr
459 2414 626 2519 quidem
638 2411 688 2492 ad
704 2409 950 2494 altitudinem
973 2433 1023 2490 eo
1046 2411 1264 2513 majorem,
1297 2439 1379 2528 quo
1398 2413 1586 2496 diameter
1609 2417 1781 2506 tubulr„

402 2519 527 2604 suerit
540 2519 684 2598 nainor.
734 2515 803 2598 Est
820 2529 948 2593 tamen
967 2511 1291 2598 observandum:
1326 2512 1503 2598 diversos
1526 2517 1703 2621 liquores
1720 2545 1745 2598 a

404 2617 570 2704 dirersis
602 2617 839 2720 corporibus
862 2613 1126 2696 diversimode
1155 2617 1323 2720 attrahi,
1360 2615 1547 2721 quosdam
1577 2619 1745 2725 fortius,

401 2721 593 2828 quosdam
614 2717 859 2824 languidius,
876 2715 1341 2834 quosdamnonomnino.
1387 2717 1616 2805 Mercurius
1632 2737 1746 2802 attra-

402 2831 514 2910 hitur
532 2829 579 2906 ab
598 2851 719 2925 auro,
740 2825 878 2904 stanno
893 2822 965 2901 &c
1020 2821 1163 2900 Oleum
1180 2819 1328 2902 vrtrioli
1344 2821 1607 2922 gravissimum
1626 2819 1745 2903 alevi

402 2935 537 3036 lign03
564 2927 834 3012 aurichalcum
852 2941 918 3006 aut
935 2945 1104 3024 cuprum
1122 2923 1214 3025 igne
1230 2925 1447 3007 resolutum
1465 2949 1487 3000 a
1503 2923 1613 3004 serro
1628 2926 1704 3005 dac.

509 3033 674 3116 Causam
694 3023 982 3134 phaenomeni,
1023 3023 1067 3102 in
1091 3029 1194 3107 tubis
1220 3025 1473 3127 capillaribus
1503 3023 1745 3128 apparentis,

407 3133 568 3234 alfignat
589 3141 785 3233 anchmqrer
798 3141 894 3212 Pmr
903 3131 955 3242 Il.
963 3125 1061 3209 Phil.
1079 3143 1236 3234 Rrpnim
1258 3151 1339 3229 cap.
1357 3154 1392 3212 Ξ.
1407 3132 1439 3228 h
1458 3145 1491 3226 5·
1508 3127 1744 3231 pressionem

407 3234 509 3320 aeris
526 3233 725 3334 conicam3
754 3233 859 3314 Cum
873 3253 979 3309 emm
998 3228 1124 3308 omnis
1143 3251 1210 3308 aer
1225 3229 1330 3310 circa
1347 3229 1533 3318 tellurem
1558 3251 1745 3334 premens

407 3337 597 3419 dilatetur
619 3334 726 3414 circa
749 3331 1041 3434 peripheriam,
1076 3332 1184 3412 circa
1207 3347 1390 3412 centrum
1411 3354 1510 3413 vero
1529 3335 1744 3433 conjunga-

405 3456 501 3538 tur3
539 3440 634 3519 hinc
662 3438 740 3538 lit,
764 3452 811 3522 ut
826 3435 918 3516 coni
936 3433 1043 3514 aerei
1060 3435 1204 3536 predio
1220 3433 1392 3540 adusque
1410 3449 1592 3518 centrum
1608 3432 1742 3516 tubuli

433 3545 602 3644 eitingat
666 3541 713 3620 ad
729 3542 847 3620 latera
862 3563 966 3619 vero
979 3526 1160 3638 premer‘e
1175 3553 1344 3641 nequeat
1361 3539 1413 3618 ob
1437 3535 1607 3653 figuram
1622 3539 1743 3619 tubu-

404 3567 538 3732 ionem
562 3595 852 3752 cysindricam,
875 3638 998 3743 idque
1016 3664 1065 3720 eo
1080 3638 1232 3742 magis,
1263 3667 1344 3744 quo
1362 3641 1491 3724 tubuli
1507 3637 1661 3722 suerint
1676 3663 1742 3720 an·

406 3749 631 3851 gothonem
671 3751 827 3829 Verum
859 3757 1121 3846 praeterquam
1156 3741 1266 3844 quod
1298 3743 1387 3822 haec
1411 3739 1635 3846 hypothesis
1658 3760 1741 3822 non

408 3851 600 3931 consonet
626 3867 719 3930 com
747 3857 937 3948 perpetua
962 3843 1265 3946 &aequilibrata
1292 3841 1511 3928 fluidorum
1535 3843 1581 3927 in
1604 3865 1742 3924 omnes

405 3965 535 4058 partes
549 3951 771 4050 preffione,
801 3947 917 4028 etiam
935 3969 983 4023 ex
997 3943 1081 4026 aliis
1099 3946 1288 4045 capitibus
1304 3945 1486 4030 sustineri
1504 3971 1530 4024 n
1583 3945 1643 4028 uit
1661 3973 1672 4023 ε
1708 3945 1739 4026 fi

405 4050 517 4137 enirn
537 4047 665 4154 cuspis
680 4047 773 4131 coni
789 4047 893 4130 aerei
910 4047 1105 4148 liquorem
1130 4047 1173 4127 in
1201 4066 1342 4129 centro
1365 4047 1497 4130 tubuli
1523 4071 1573 4154 cy
1590 4045 1740 4128 indrici

407 4155 571 4263 premit:
606 4177 726 4236 eccur
739 4169 870 4231 tamen
887 4149 1080 4252 liquorin
1095 4143 1178 4250 ipso
1197 4167 1336 4235 centro
1355 4151 1591 4233 constitutus
1607 4151 1738 4232 ascen·

381 4261 466 4348 'dit
487 4259 592 4352 ultra
616 4251 917 4370 aequilibriumt
958 4273 1051 4342 cun
1083 4267 1214 4346 morea
1243 4253 1343 4340 aeris
1368 4247 1739 4359 quomodocunque
