<?xml version="1.0" encoding="UTF-8"?>
<!DOCTYPE html PUBLIC "-//W3C//DTD XHTML 1.0 Transitional//EN"
    "http://www.w3.org/TR/xhtml1/DTD/xhtml1-transitional.dtd">
<html xmlns="http://www.w3.org/1999/xhtml" xml:lang="en" lang="en">
 <head>
  <title>
</title>
<meta http-equiv="Content-Type" content="text/html;charset=utf-8" />
  <meta name='ocr-system' content='tesseract 3.04.00' />
  <meta name='ocr-capabilities' content='ocr_page ocr_carea ocr_par ocr_line ocrx_word'/>
</head>
<body>
  <div class='ocr_page' id='page_1' title='image "./florianidalhami00dalhgoog_0457.png"; bbox 0 0 3782 4958; ppageno 0'>
   <div class='ocr_carea' id='block_1_1' title="bbox 226 429 1433 586">
    <p class='ocr_par' dir='ltr' id='par_1_1' title="bbox 226 429 1433 586">
     <span class='ocr_line' id='line_1_1' title="bbox 226 429 1433 586; baseline -0.012 -7"><span class='ocrx_word' id='word_1_1' title='bbox 226 429 468 580; x_wconf 65' lang='lat' dir='ltr'><strong>riantur.</strong></span> <span class='ocrx_word' id='word_1_2' title='bbox 485 485 775 572; x_wconf 77' lang='lat' dir='ltr'><strong>DrSnronrs.</strong></span> <span class='ocrx_word' id='word_1_3' title='bbox 792 501 854 566; x_wconf 80' lang='lat' dir='ltr'><strong>rr</strong></span> <span class='ocrx_word' id='word_1_4' title='bbox 869 487 1067 566; x_wconf 70' lang='lat' dir='ltr'><strong>Onosis.</strong></span> <span class='ocrx_word' id='word_1_5' title='bbox 1082 500 1135 564; x_wconf 83' lang='lat' dir='ltr'><strong>tu</strong></span> <span class='ocrx_word' id='word_1_6' title='bbox 1147 473 1295 565; x_wconf 81' lang='lat' dir='ltr'><strong>Uulv.</strong></span> <span class='ocrx_word' id='word_1_7' title='bbox 1357 500 1433 586; x_wconf 77' lang='lat'><strong>453</strong></span> 
     </span>
    </p>
   </div>
   <div class='ocr_carea' id='block_1_2' title="bbox 159 661 1498 776">
    <p class='ocr_par' dir='ltr' id='par_1_2' title="bbox 159 661 1498 776">
     <span class='ocr_line' id='line_1_2' title="bbox 159 661 1498 776; baseline -0.014 -13"><span class='ocrx_word' id='word_1_8' title='bbox 159 675 253 762; x_wconf 85' lang='lat' dir='ltr'><strong>ritus</strong></span> <span class='ocrx_word' id='word_1_9' title='bbox 270 677 361 759; x_wconf 89' lang='lat' dir='ltr'><strong>nitri</strong></span> <span class='ocrx_word' id='word_1_10' title='bbox 379 669 614 771; x_wconf 72' lang='lat' dir='ltr'><strong>affunditur,</strong></span> <span class='ocrx_word' id='word_1_11' title='bbox 639 661 862 750; x_wconf 82' lang='lat' dir='ltr'><strong>destituitur</strong></span> <span class='ocrx_word' id='word_1_12' title='bbox 888 667 1012 749; x_wconf 86' lang='lat' dir='ltr'><strong>odore</strong></span> <span class='ocrx_word' id='word_1_13' title='bbox 1029 681 1042 771; x_wconf 71' lang='grc' dir='ltr'><strong><em>ς</em></strong></span> <span class='ocrx_word' id='word_1_14' title='bbox 1069 664 1138 776; x_wconf 90' lang='lat' dir='ltr'><strong>qui</strong></span> <span class='ocrx_word' id='word_1_15' title='bbox 1157 667 1261 750; x_wconf 91' lang='lat' dir='ltr'><strong>odor</strong></span> <span class='ocrx_word' id='word_1_16' title='bbox 1279 666 1414 751; x_wconf 88' lang='lat' dir='ltr'><strong>denuo</strong></span> <span class='ocrx_word' id='word_1_17' title='bbox 1434 687 1498 746; x_wconf 66' lang='lat' dir='ltr'><strong>reo</strong></span> 
     </span>
    </p>
   </div>
   <div class='ocr_carea' id='block_1_3' title="bbox 3 769 940 881">
    <p class='ocr_par' dir='ltr' id='par_1_3' title="bbox 3 769 940 881">
     <span class='ocr_line' id='line_1_3' title="bbox 3 769 940 881; baseline -0.025 -11"><span class='ocrx_word' id='word_1_18' title='bbox 3 863 4 870; x_wconf 11' lang='lat' dir='ltr'><strong>a</strong></span> <span class='ocrx_word' id='word_1_19' title='bbox 157 782 326 864; x_wconf 87' lang='lat' dir='ltr'><strong>stituitur</strong></span> <span class='ocrx_word' id='word_1_20' title='bbox 342 771 617 881; x_wconf 69' lang='lat' dir='ltr'><strong>per&#39;adjesiam</strong></span> <span class='ocrx_word' id='word_1_21' title='bbox 636 769 783 850; x_wconf 82' lang='lat' dir='ltr'><strong>calcem</strong></span> <span class='ocrx_word' id='word_1_22' title='bbox 800 769 940 850; x_wconf 83' lang='lat' dir='ltr'><strong>vivam.</strong></span> 
     </span>
    </p>
   </div>
   <div class='ocr_carea' id='block_1_4' title="bbox 158 870 1499 1086">
    <p class='ocr_par' dir='ltr' id='par_1_4' title="bbox 158 870 1499 1086">
     <span class='ocr_line' id='line_1_4' title="bbox 256 870 1499 976; baseline -0.005 -15"><span class='ocrx_word' id='word_1_23' title='bbox 256 887 307 961; x_wconf 92' lang='lat' dir='ltr'><strong>V.</strong></span> <span class='ocrx_word' id='word_1_24' title='bbox 333 877 472 958; x_wconf 82' lang='lat' dir='ltr'>Refert</span> <span class='ocrx_word' id='word_1_25' title='bbox 496 881 617 976; x_wconf 61' lang='lat' dir='ltr'><strong>Bostar</strong></span> <span class='ocrx_word' id='word_1_26' title='bbox 644 870 788 948; x_wconf 77' lang='lat' dir='ltr'><strong>simiam</strong></span> <span class='ocrx_word' id='word_1_27' title='bbox 814 870 860 952; x_wconf 92' lang='lat' dir='ltr'><strong>in</strong></span> <span class='ocrx_word' id='word_1_28' title='bbox 884 871 1054 971; x_wconf 71' lang='lat' dir='ltr'><strong>Anglia,</strong></span> <span class='ocrx_word' id='word_1_29' title='bbox 1080 893 1169 952; x_wconf 88' lang='lat' dir='ltr'><strong>cum</strong></span> <span class='ocrx_word' id='word_1_30' title='bbox 1196 895 1353 956; x_wconf 84' lang='lat' dir='ltr'><strong>araneas</strong></span> <span class='ocrx_word' id='word_1_31' title='bbox 1378 871 1499 955; x_wconf 78' lang='lat' dir='ltr'><strong>devo·</strong></span> 
     </span>
     <span class='ocr_line' id='line_1_5' title="bbox 158 968 1206 1086; baseline -0.015 -19"><span class='ocrx_word' id='word_1_32' title='bbox 158 999 289 1086; x_wconf 82' lang='lat' dir='ltr'><strong>reret,</strong></span> <span class='ocrx_word' id='word_1_33' title='bbox 313 993 435 1064; x_wconf 83' lang='lat' dir='ltr'><strong>totum</strong></span> <span class='ocrx_word' id='word_1_34' title='bbox 462 976 596 1058; x_wconf 88' lang='lat' dir='ltr'><strong>cubile</strong></span> <span class='ocrx_word' id='word_1_35' title='bbox 621 968 747 1054; x_wconf 90' lang='lat' dir='ltr'><strong>odore</strong></span> <span class='ocrx_word' id='word_1_36' title='bbox 774 973 919 1054; x_wconf 90' lang='lat' dir='ltr'><strong>moschi</strong></span> <span class='ocrx_word' id='word_1_37' title='bbox 946 971 1169 1073; x_wconf 83' lang='lat' dir='ltr'><strong>implevisse.</strong></span> <span class='ocrx_word' id='word_1_38' title='bbox 1200 1013 1206 1024; x_wconf 89' lang='lat'><strong>·</strong></span> 
     </span>
    </p>
   </div>
   <div class='ocr_carea' id='block_1_5' title="bbox 646 1115 950 1262">
    <p class='ocr_par' dir='ltr' id='par_1_5' title="bbox 646 1115 950 1262">
     <span class='ocr_line' id='line_1_6' title="bbox 646 1115 950 1262; baseline -0.003 -27"><span class='ocrx_word' id='word_1_39' title='bbox 646 1115 653 1130; x_wconf 83' lang='lat'>&#39;</span> <span class='ocrx_word' id='word_1_40' title='bbox 712 1149 950 1262; x_wconf 68' lang='lat' dir='ltr'><strong>objectiones.</strong></span> 
     </span>
    </p>
   </div>
   <div class='ocr_carea' id='block_1_6' title="bbox 3 1276 1515 3632">
    <p class='ocr_par' dir='ltr' id='par_1_6' title="bbox 3 1276 1504 1883">
     <span class='ocr_line' id='line_1_7' title="bbox 3 1276 1503 1490; baseline -0.003 -22"><span class='ocrx_word' id='word_1_41' title='bbox 3 1397 5 1408; x_wconf 27' lang='grc' dir='ltr'>ψ</span> <span class='ocrx_word' id='word_1_42' title='bbox 161 1304 190 1401; x_wconf 73' lang='lat'><strong>⁹·</strong></span> <span class='ocrx_word' id='word_1_43' title='bbox 205 1276 1503 1490; x_wconf 54' lang='lat' dir='ltr'><strong>⁵0²¹·Pltsrlshassiduissimi-³0⁸„fridh}</strong></span> 
     </span>
     <span class='ocr_line' id='line_1_8' title="bbox 161 1483 1502 1601; baseline -0.006 -28"><span class='ocrx_word' id='word_1_44' title='bbox 161 1519 278 1601; x_wconf 79' lang='lat' dir='ltr'><strong>atque</strong></span> <span class='ocrx_word' id='word_1_45' title='bbox 294 1491 346 1575; x_wconf 93' lang='lat' dir='ltr'><strong>ob</strong></span> <span class='ocrx_word' id='word_1_46' title='bbox 366 1487 558 1570; x_wconf 89' lang='lat' dir='ltr'><strong>diversam</strong></span> <span class='ocrx_word' id='word_1_47' title='bbox 575 1485 868 1592; x_wconf 88' lang='lat' dir='ltr'><strong>variantemque</strong></span> <span class='ocrx_word' id='word_1_48' title='bbox 892 1483 1140 1590; x_wconf 71' lang='lat' dir='ltr'><strong>fridilonem,</strong></span> <span class='ocrx_word' id='word_1_49' title='bbox 1165 1491 1317 1572; x_wconf 88' lang='lat' dir='ltr'><strong>varium</strong></span> <span class='ocrx_word' id='word_1_50' title='bbox 1338 1486 1502 1568; x_wconf 90' lang='lat' dir='ltr'><strong>odorem</strong></span> 
     </span>
     <span class='ocr_line' id='line_1_9' title="bbox 164 1584 1504 1698; baseline -0.011 -16"><span class='ocrx_word' id='word_1_51' title='bbox 164 1599 430 1698; x_wconf 88' lang='lat' dir='ltr'><strong>aut&#39;saporem</strong></span> <span class='ocrx_word' id='word_1_52' title='bbox 457 1584 650 1668; x_wconf 80' lang='lat' dir='ltr'><strong>inducere</strong></span> <span class='ocrx_word' id='word_1_53' title='bbox 673 1613 687 1689; x_wconf 81' lang='lat'>3</span> <span class='ocrx_word' id='word_1_54' title='bbox 713 1609 810 1688; x_wconf 89' lang='lat' dir='ltr'><strong>ergo</strong></span> <span class='ocrx_word' id='word_1_55' title='bbox 836 1585 1037 1690; x_wconf 83' lang='lat' dir='ltr'><strong>qualitates</strong></span> <span class='ocrx_word' id='word_1_56' title='bbox 1063 1593 1252 1671; x_wconf 83' lang='lat' dir='ltr'>absolutae</span> <span class='ocrx_word' id='word_1_57' title='bbox 1280 1587 1504 1690; x_wconf 83' lang='lat' dir='ltr'><strong>Peripateti-</strong></span> 
     </span>
     <span class='ocr_line' id='line_1_10' title="bbox 162 1688 1504 1880; baseline -0.011 -98"><span class='ocrx_word' id='word_1_58' title='bbox 162 1723 296 1880; x_wconf 52' lang='lat' dir='ltr'><strong>c&#39;onstm</strong></span> <span class='ocrx_word' id='word_1_59' title='bbox 320 1695 444 1796; x_wconf 86' lang='lat' dir='ltr'><strong>pluris</strong></span> <span class='ocrx_word' id='word_1_60' title='bbox 467 1689 561 1772; x_wconf 88' lang='lat' dir='ltr'><strong>fieri</strong></span> <span class='ocrx_word' id='word_1_61' title='bbox 587 1688 734 1772; x_wconf 89' lang='lat' dir='ltr'><strong>debent</strong></span> <span class='ocrx_word' id='word_1_62' title='bbox 759 1743 774 1792; x_wconf 81' lang='lat'>,</span> <span class='ocrx_word' id='word_1_63' title='bbox 799 1713 913 1794; x_wconf 85' lang='lat' dir='ltr'><strong>quam</strong></span> <span class='ocrx_word' id='word_1_64' title='bbox 950 1690 1190 1797; x_wconf 89' lang='lat' dir='ltr'><strong>ejuscemodi</strong></span> <span class='ocrx_word' id='word_1_65' title='bbox 1217 1689 1361 1773; x_wconf 75' lang='lat' dir='ltr'><strong>effislee</strong></span> <span class='ocrx_word' id='word_1_66' title='bbox 1384 1691 1504 1797; x_wconf 84' lang='lat' dir='ltr'><strong>hypo-</strong></span> 
     </span>
     <span class='ocr_line' id='line_1_11' title="bbox 164 1819 1444 1883; baseline -0.005 -1"><span class='ocrx_word' id='word_1_67' title='bbox 164 1819 301 1883; x_wconf 79' lang='lat' dir='ltr'><strong>tees.</strong></span> <span class='ocrx_word' id='word_1_68' title='bbox 1219 1839 1224 1846; x_wconf 94' lang='lat'>·</span> <span class='ocrx_word' id='word_1_69' title='bbox 1439 1861 1444 1876; x_wconf 87' lang='grc'><em>,</em></span> 
     </span>
    </p>

    <p class='ocr_par' dir='ltr' id='par_1_7' title="bbox 167 1888 1507 2415">
     <span class='ocr_line' id='line_1_12' title="bbox 262 1888 1504 1996; baseline -0.009 -14"><span class='ocrx_word' id='word_1_70' title='bbox 262 1907 313 1984; x_wconf 92' lang='lat' dir='ltr'><strong>ll.</strong></span> <span class='ocrx_word' id='word_1_71' title='bbox 338 1896 377 1976; x_wconf 89' lang='lat' dir='ltr'><strong>Si</strong></span> <span class='ocrx_word' id='word_1_72' title='bbox 398 1896 551 1996; x_wconf 85' lang='lat' dir='ltr'><strong>sapores</strong></span> <span class='ocrx_word' id='word_1_73' title='bbox 572 1891 638 1972; x_wconf 91' lang='lat' dir='ltr'><strong>vel</strong></span> <span class='ocrx_word' id='word_1_74' title='bbox 665 1888 810 1976; x_wconf 88' lang='lat' dir='ltr'><strong>odores</strong></span> <span class='ocrx_word' id='word_1_75' title='bbox 836 1893 1093 1995; x_wconf 79' lang='lat' dir='ltr'><strong>provenirent</strong></span> <span class='ocrx_word' id='word_1_76' title='bbox 1112 1921 1133 1974; x_wconf 84' lang='lat' dir='ltr'><strong>a</strong></span> <span class='ocrx_word' id='word_1_77' title='bbox 1150 1893 1306 1975; x_wconf 84' lang='lat' dir='ltr'><strong>diversa</strong></span> <span class='ocrx_word' id='word_1_78' title='bbox 1327 1891 1504 1992; x_wconf 64' lang='lat' dir='ltr'><strong>consigud</strong></span> 
     </span>
     <span class='ocr_line' id='line_1_13' title="bbox 167 1989 1507 2100; baseline -0.012 -10"><span class='ocrx_word' id='word_1_79' title='bbox 167 2008 321 2092; x_wconf 89' lang='lat' dir='ltr'><strong>ratione</strong></span> <span class='ocrx_word' id='word_1_80' title='bbox 338 1995 635 2100; x_wconf 80' lang='lat' dir='ltr'><strong>particularum,</strong></span> <span class='ocrx_word' id='word_1_81' title='bbox 662 1989 830 2076; x_wconf 87' lang='lat' dir='ltr'><strong>deberet</strong></span> <span class='ocrx_word' id='word_1_82' title='bbox 846 1991 1017 2094; x_wconf 86' lang='lat' dir='ltr'><strong>ejusdem</strong></span> <span class='ocrx_word' id='word_1_83' title='bbox 1035 1996 1095 2074; x_wconf 90' lang='lat' dir='ltr'><strong>rei</strong></span> <span class='ocrx_word' id='word_1_84' title='bbox 1112 1997 1292 2076; x_wconf 90' lang='lat' dir='ltr'><strong>omnibus</strong></span> <span class='ocrx_word' id='word_1_85' title='bbox 1311 1993 1507 2074; x_wconf 84' lang='lat' dir='ltr'><strong>elfeidem</strong></span> 
     </span>
     <span class='ocr_line' id='line_1_14' title="bbox 168 2091 1507 2214; baseline -0.013 -24"><span class='ocrx_word' id='word_1_86' title='bbox 168 2103 340 2214; x_wconf 88' lang='lat' dir='ltr'><strong>sapor&amp;</strong></span> <span class='ocrx_word' id='word_1_87' title='bbox 365 2098 497 2198; x_wconf 80' lang='lat' dir='ltr'><strong>odor3</strong></span> <span class='ocrx_word' id='word_1_88' title='bbox 526 2091 593 2169; x_wconf 85' lang='lat' dir='ltr'><strong>fed</strong></span> <span class='ocrx_word' id='word_1_89' title='bbox 626 2093 703 2207; x_wconf 81' lang='lat' dir='ltr'><strong>hoc</strong></span> <span class='ocrx_word' id='word_1_90' title='bbox 737 2123 848 2200; x_wconf 80' lang='lat' dir='ltr'><strong>non3</strong></span> <span class='ocrx_word' id='word_1_91' title='bbox 875 2096 947 2198; x_wconf 89' lang='lat' dir='ltr'><strong>qui</strong></span> <span class='ocrx_word' id='word_1_92' title='bbox 982 2096 1087 2177; x_wconf 89' lang='lat' dir='ltr'><strong>enim</strong></span> <span class='ocrx_word' id='word_1_93' title='bbox 1122 2097 1279 2198; x_wconf 88' lang='lat' dir='ltr'><strong>sapores</strong></span> <span class='ocrx_word' id='word_1_94' title='bbox 1301 2095 1384 2174; x_wconf 91' lang='lat' dir='ltr'><strong>aliis</strong></span> <span class='ocrx_word' id='word_1_95' title='bbox 1407 2091 1507 2195; x_wconf 83' lang='lat' dir='ltr'><strong>grati</strong></span> 
     </span>
     <span class='ocr_line' id='line_1_15' title="bbox 169 2195 1506 2314; baseline -0.015 -24"><span class='ocrx_word' id='word_1_96' title='bbox 169 2215 277 2314; x_wconf 73' lang='lat' dir='ltr'><strong>sunt,</strong></span> <span class='ocrx_word' id='word_1_97' title='bbox 301 2203 385 2312; x_wconf 88' lang='lat' dir='ltr'><strong>aliis</strong></span> <span class='ocrx_word' id='word_1_98' title='bbox 403 2199 492 2278; x_wconf 88' lang='lat' dir='ltr'><strong>sunt</strong></span> <span class='ocrx_word' id='word_1_99' title='bbox 508 2196 748 2310; x_wconf 71' lang='lat' dir='ltr'><strong>ingratissimi</strong></span> <span class='ocrx_word' id='word_1_100' title='bbox 768 2223 781 2302; x_wconf 79' lang='lat'>3</span> <span class='ocrx_word' id='word_1_101' title='bbox 809 2200 862 2279; x_wconf 84' lang='lat' dir='ltr'><strong>fre</strong></span> <span class='ocrx_word' id='word_1_102' title='bbox 889 2197 1067 2279; x_wconf 87' lang='lat' dir='ltr'><strong>foeminae</strong></span> <span class='ocrx_word' id='word_1_103' title='bbox 1090 2199 1335 2299; x_wconf 74' lang='lat' dir='ltr'><strong>gratissimam</strong></span> <span class='ocrx_word' id='word_1_104' title='bbox 1358 2195 1506 2279; x_wconf 89' lang='lat' dir='ltr'><strong>moschi</strong></span> 
     </span>
     <span class='ocr_line' id='line_1_16' title="bbox 170 2297 734 2415; baseline -0.035 -21"><span class='ocrx_word' id='word_1_105' title='bbox 170 2305 415 2415; x_wconf 81' lang='lat' dir='ltr'><strong>fragrantiam</strong></span> <span class='ocrx_word' id='word_1_106' title='bbox 436 2325 518 2379; x_wconf 92' lang='lat' dir='ltr'><strong>non</strong></span> <span class='ocrx_word' id='word_1_107' title='bbox 537 2297 734 2377; x_wconf 75' lang='lat' dir='ltr'><strong>sustinent.</strong></span> 
     </span>
    </p>

    <p class='ocr_par' dir='ltr' id='par_1_8' title="bbox 90 2396 1511 2720">
     <span class='ocr_line' id='line_1_17' title="bbox 272 2396 1508 2504; baseline -0.01 -14"><span class='ocrx_word' id='word_1_108' title='bbox 272 2413 344 2490; x_wconf 87' lang='grc' dir='ltr'><strong>ΠΙ.</strong></span> <span class='ocrx_word' id='word_1_109' title='bbox 370 2403 496 2502; x_wconf 86' lang='lat' dir='ltr'><strong>Etiam</strong></span> <span class='ocrx_word' id='word_1_110' title='bbox 523 2400 829 2484; x_wconf 70' lang='lat' dir='ltr'><strong>terreae&#39;rnultae</strong></span> <span class='ocrx_word' id='word_1_111' title='bbox 880 2415 982 2484; x_wconf 85' lang='lat' dir='ltr'><strong>artes</strong></span> <span class='ocrx_word' id='word_1_112' title='bbox 1022 2396 1161 2502; x_wconf 87' lang='lat' dir='ltr'><strong>sapidis</strong></span> <span class='ocrx_word' id='word_1_113' title='bbox 1188 2401 1420 2504; x_wconf 84' lang='lat' dir='ltr'><strong>corporibus</strong></span> <span class='ocrx_word' id='word_1_114' title='bbox 1451 2401 1508 2478; x_wconf 87' lang='lat' dir='ltr'><strong>in·</strong></span> 
     </span>
     <span class='ocr_line' id='line_1_18' title="bbox 171 2498 1398 2609; baseline -0.015 -11"><span class='ocrx_word' id='word_1_115' title='bbox 171 2521 290 2608; x_wconf 65' lang='lat' dir='ltr'><strong>sunta</strong></span> <span class='ocrx_word' id='word_1_116' title='bbox 316 2507 436 2608; x_wconf 88' lang='lat' dir='ltr'><strong>igitur</strong></span> <span class='ocrx_word' id='word_1_117' title='bbox 453 2525 533 2580; x_wconf 91' lang='lat' dir='ltr'><strong>non</strong></span> <span class='ocrx_word' id='word_1_118' title='bbox 550 2499 631 2576; x_wconf 90' lang='lat' dir='ltr'><strong>sola</strong></span> <span class='ocrx_word' id='word_1_119' title='bbox 657 2498 747 2582; x_wconf 83' lang='lat' dir='ltr'><strong>falia</strong></span> <span class='ocrx_word' id='word_1_120' title='bbox 764 2525 835 2581; x_wconf 88' lang='lat' dir='ltr'><strong>cau</strong></span> <span class='ocrx_word' id='word_1_121' title='bbox 854 2521 918 2584; x_wconf 88' lang='lat' dir='ltr'><strong>ant</strong></span> <span class='ocrx_word' id='word_1_122' title='bbox 935 2507 1097 2609; x_wconf 81' lang='lat' dir='ltr'><strong>sapores.</strong></span> <span class='ocrx_word' id='word_1_123' title='bbox 1387 2505 1398 2522; x_wconf 81' lang='grc'><strong>“</strong></span> 
     </span>
     <span class='ocr_line' id='line_1_19' title="bbox 90 2598 1511 2720; baseline -0.005 -33"><span class='ocrx_word' id='word_1_124' title='bbox 90 2673 97 2687; x_wconf 96' lang='grc'>.</span> <span class='ocrx_word' id='word_1_125' title='bbox 273 2619 347 2694; x_wconf 86' lang='lat' dir='ltr'><strong>Iv.</strong></span> <span class='ocrx_word' id='word_1_126' title='bbox 385 2605 425 2688; x_wconf 85' lang='lat' dir='ltr'><strong>si</strong></span> <span class='ocrx_word' id='word_1_127' title='bbox 439 2599 667 2714; x_wconf 82' lang='lat' dir='ltr'><strong>-odororum</strong></span> <span class='ocrx_word' id='word_1_128' title='bbox 694 2625 906 2720; x_wconf 77' lang='lat' dir='ltr'><strong>corporum</strong></span> <span class='ocrx_word' id='word_1_129' title='bbox 933 2607 1121 2711; x_wconf 89' lang='lat' dir='ltr'><strong>perennis</strong></span> <span class='ocrx_word' id='word_1_130' title='bbox 1147 2604 1391 2686; x_wconf 86' lang='lat' dir='ltr'><strong>effluviorum</strong></span> <span class='ocrx_word' id='word_1_131' title='bbox 1418 2598 1511 2680; x_wconf 87' lang='lat' dir='ltr'><strong>esset</strong></span> 
     </span>
    </p>

    <p class='ocr_par' dir='ltr' id='par_1_9' title="bbox 175 2697 1509 3028">
     <span class='ocr_line' id='line_1_20' title="bbox 176 2697 1508 2813; baseline -0.017 -11"><span class='ocrx_word' id='word_1_132' title='bbox 176 2717 393 2810; x_wconf 74' lang='lat' dir='ltr'><strong>emanatio,</strong></span> <span class='ocrx_word' id='word_1_133' title='bbox 417 2697 595 2804; x_wconf 77' lang='lat' dir='ltr'><strong>nunquid</strong></span> <span class='ocrx_word' id='word_1_134' title='bbox 609 2707 809 2802; x_wconf 75' lang='lat' dir='ltr'><strong>particulis</strong></span> <span class='ocrx_word' id='word_1_135' title='bbox 831 2705 959 2813; x_wconf 77' lang='lat' dir='ltr'><strong>hisce,</strong></span> <span class='ocrx_word' id='word_1_136' title='bbox 986 2712 1023 2790; x_wconf 77' lang='lat' dir='ltr'><strong>dr</strong></span> <span class='ocrx_word' id='word_1_137' title='bbox 1052 2708 1261 2787; x_wconf 84' lang='lat' dir='ltr'><strong>diutillirne</strong></span> <span class='ocrx_word' id='word_1_138' title='bbox 1288 2703 1397 2783; x_wconf 84' lang='lat' dir='ltr'><strong>&amp;ad</strong></span> <span class='ocrx_word' id='word_1_139' title='bbox 1423 2704 1508 2780; x_wconf 88' lang='lat' dir='ltr'><strong>lon·</strong></span> 
     </span>
     <span class='ocr_line' id='line_1_21' title="bbox 175 2799 1509 2926; baseline -0.017 -24"><span class='ocrx_word' id='word_1_140' title='bbox 175 2825 325 2926; x_wconf 86' lang='lat' dir='ltr'><strong>&#39;giorem</strong></span> <span class='ocrx_word' id='word_1_141' title='bbox 344 2807 559 2892; x_wconf 86' lang='lat' dir='ltr'><strong>distantiam</strong></span> <span class='ocrx_word' id='word_1_142' title='bbox 579 2799 742 2908; x_wconf 76' lang='lat' dir='ltr'><strong>diffusis,</strong></span> <span class='ocrx_word' id='word_1_143' title='bbox 761 2805 929 2885; x_wconf 87' lang='lat' dir='ltr'><strong>deberet</strong></span> <span class='ocrx_word' id='word_1_144' title='bbox 945 2809 1058 2890; x_wconf 89' lang='lat' dir='ltr'><strong>etiam</strong></span> <span class='ocrx_word' id='word_1_145' title='bbox 1075 2808 1230 2909; x_wconf 88' lang='lat' dir='ltr'><strong>pondus</strong></span> <span class='ocrx_word' id='word_1_146' title='bbox 1246 2806 1408 2886; x_wconf 89' lang='lat' dir='ltr'><strong>illorum</strong></span> <span class='ocrx_word' id='word_1_147' title='bbox 1421 2826 1509 2881; x_wconf 84' lang='lat' dir='ltr'><strong>cor-</strong></span> 
     </span>
     <span class='ocr_line' id='line_1_22' title="bbox 176 2909 1245 3028; baseline -0.009 -30"><span class='ocrx_word' id='word_1_148' title='bbox 176 2945 313 3028; x_wconf 79' lang='lat' dir='ltr'><strong>porum</strong></span> <span class='ocrx_word' id='word_1_149' title='bbox 331 2909 563 2994; x_wconf 87' lang='lat' dir='ltr'><strong>decrescere</strong></span> <span class='ocrx_word' id='word_1_150' title='bbox 585 2927 598 3006; x_wconf 81' lang='lat'><em>3</em></span> <span class='ocrx_word' id='word_1_151' title='bbox 621 2911 731 3007; x_wconf 87' lang='lat' dir='ltr'><strong>quod</strong></span> <span class='ocrx_word' id='word_1_152' title='bbox 745 2924 874 2997; x_wconf 80' lang='lat' dir='ltr'><strong>tamen</strong></span> <span class='ocrx_word' id='word_1_153' title='bbox 893 2933 973 2990; x_wconf 91' lang='lat' dir='ltr'><strong>non</strong></span> <span class='ocrx_word' id='word_1_154' title='bbox 997 2909 1245 2988; x_wconf 76' lang='lat' dir='ltr'><strong>advertimus</strong></span> 
     </span>
    </p>

    <p class='ocr_par' dir='ltr' id='par_1_10' title="bbox 180 3003 1515 3632">
     <span class='ocr_line' id='line_1_23' title="bbox 280 3003 1512 3124; baseline -0.002 -38"><span class='ocrx_word' id='word_1_155' title='bbox 280 3023 309 3124; x_wconf 59' lang='lat' dir='ltr'><strong>g,</strong></span> <span class='ocrx_word' id='word_1_156' title='bbox 326 3035 405 3122; x_wconf 84' lang='lat'>503·</span> <span class='ocrx_word' id='word_1_157' title='bbox 424 3034 467 3103; x_wconf 71' lang='lat' dir='ltr'><strong>le·</strong></span> <span class='ocrx_word' id='word_1_158' title='bbox 486 3005 533 3085; x_wconf 90' lang='lat' dir='ltr'><strong>ad</strong></span> <span class='ocrx_word' id='word_1_159' title='bbox 549 3009 578 3084; x_wconf 93' lang='lat' dir='ltr'><strong>I.</strong></span> <span class='ocrx_word' id='word_1_160' title='bbox 608 3011 710 3123; x_wconf 61' lang='lat' dir='ltr'><strong>Cum</strong></span> <span class='ocrx_word' id='word_1_161' title='bbox 729 3029 873 3111; x_wconf 84' lang='lat' dir='ltr'><strong>organa</strong></span> <span class='ocrx_word' id='word_1_162' title='bbox 887 3009 1101 3094; x_wconf 83' lang='lat' dir='ltr'><strong>materialia</strong></span> <span class='ocrx_word' id='word_1_163' title='bbox 1122 3011 1248 3112; x_wconf 76' lang='lat' dir='ltr'><strong>gustus</strong></span> <span class='ocrx_word' id='word_1_164' title='bbox 1272 3003 1512 3091; x_wconf 74' lang='lat' dir='ltr'><strong>&amp;odoratis</strong></span> 
     </span>
     <span class='ocr_line' id='line_1_24' title="bbox 180 3105 1513 3216; baseline -0.014 -10"><span class='ocrx_word' id='word_1_165' title='bbox 180 3149 263 3207; x_wconf 91' lang='lat' dir='ltr'><strong>non</strong></span> <span class='ocrx_word' id='word_1_166' title='bbox 289 3119 363 3200; x_wconf 88' lang='lat' dir='ltr'><strong>nili</strong></span> <span class='ocrx_word' id='word_1_167' title='bbox 391 3141 412 3194; x_wconf 90' lang='lat' dir='ltr'><strong>a</strong></span> <span class='ocrx_word' id='word_1_168' title='bbox 435 3109 698 3190; x_wconf 83' lang='lat' dir='ltr'><strong>matemahbus</strong></span> <span class='ocrx_word' id='word_1_169' title='bbox 718 3110 917 3211; x_wconf 80' lang='lat' dir='ltr'><strong>particulis</strong></span> <span class='ocrx_word' id='word_1_170' title='bbox 938 3111 1117 3194; x_wconf 86' lang='lat' dir='ltr'><strong>vellicari</strong></span> <span class='ocrx_word' id='word_1_171' title='bbox 1136 3113 1307 3216; x_wconf 82' lang='lat' dir='ltr'><strong>poffint3</strong></span> <span class='ocrx_word' id='word_1_172' title='bbox 1343 3109 1385 3190; x_wconf 92' lang='lat' dir='ltr'><strong>in</strong></span> <span class='ocrx_word' id='word_1_173' title='bbox 1408 3105 1513 3190; x_wconf 73' lang='lat' dir='ltr'><strong>tadu</strong></span> 
     </span>
     <span class='ocr_line' id='line_1_25' title="bbox 180 3199 1515 3330; baseline -0.016 -21"><span class='ocrx_word' id='word_1_174' title='bbox 180 3243 309 3309; x_wconf 87' lang='lat' dir='ltr'><strong>autem</strong></span> <span class='ocrx_word' id='word_1_175' title='bbox 327 3210 663 3329; x_wconf 81' lang='lat' dir='ltr'><strong>deprehendamus</strong></span> <span class='ocrx_word' id='word_1_176' title='bbox 680 3213 727 3330; x_wconf 80' lang='lat' dir='ltr'><strong>ab</strong></span> <span class='ocrx_word' id='word_1_177' title='bbox 744 3199 819 3293; x_wconf 86' lang='lat' dir='ltr'><strong>alia</strong></span> <span class='ocrx_word' id='word_1_178' title='bbox 837 3215 874 3296; x_wconf 80' lang='lat' dir='ltr'><strong>dr</strong></span> <span class='ocrx_word' id='word_1_179' title='bbox 892 3215 964 3294; x_wconf 87' lang='lat' dir='ltr'><strong>alia</strong></span> <span class='ocrx_word' id='word_1_180' title='bbox 984 3215 1161 3297; x_wconf 86' lang='lat' dir='ltr'><strong>scabritie</strong></span> <span class='ocrx_word' id='word_1_181' title='bbox 1172 3237 1383 3315; x_wconf 85' lang='lat' dir='ltr'><strong>corporum</strong></span> <span class='ocrx_word' id='word_1_182' title='bbox 1402 3212 1515 3290; x_wconf 86' lang='lat' dir='ltr'><strong>aliam</strong></span> 
     </span>
     <span class='ocr_line' id='line_1_26' title="bbox 181 3313 1513 3421; baseline -0.011 -12"><span class='ocrx_word' id='word_1_183' title='bbox 181 3331 220 3410; x_wconf 76' lang='lat' dir='ltr'><strong>da</strong></span> <span class='ocrx_word' id='word_1_184' title='bbox 240 3326 351 3407; x_wconf 90' lang='lat' dir='ltr'><strong>aliam</strong></span> <span class='ocrx_word' id='word_1_185' title='bbox 381 3317 637 3398; x_wconf 76' lang='lat' dir='ltr'><strong>sensationem</strong></span> <span class='ocrx_word' id='word_1_186' title='bbox 663 3314 778 3418; x_wconf 74' lang='lat' dir='ltr'><strong>elici,</strong></span> <span class='ocrx_word' id='word_1_187' title='bbox 801 3313 937 3398; x_wconf 89' lang='lat' dir='ltr'><strong>licebit</strong></span> <span class='ocrx_word' id='word_1_188' title='bbox 961 3318 1136 3421; x_wconf 83' lang='lat' dir='ltr'><strong>analogia</strong></span> <span class='ocrx_word' id='word_1_189' title='bbox 1162 3317 1344 3402; x_wconf 83' lang='lat' dir='ltr'><strong>tutilllme</strong></span> <span class='ocrx_word' id='word_1_190' title='bbox 1367 3313 1447 3413; x_wconf 77' lang='lat' dir='ltr'><strong>uti,</strong></span> <span class='ocrx_word' id='word_1_191' title='bbox 1474 3313 1513 3392; x_wconf 79' lang='lat' dir='ltr'><strong>dt</strong></span> 
     </span>
     <span class='ocr_line' id='line_1_27' title="bbox 181 3411 1515 3526; baseline -0.015 -18"><span class='ocrx_word' id='word_1_192' title='bbox 181 3431 278 3509; x_wconf 90' lang='lat' dir='ltr'><strong>alios</strong></span> <span class='ocrx_word' id='word_1_193' title='bbox 300 3427 452 3526; x_wconf 88' lang='lat' dir='ltr'><strong>sapores</strong></span> <span class='ocrx_word' id='word_1_194' title='bbox 477 3431 592 3517; x_wconf 86' lang='lat' dir='ltr'><strong>atque</strong></span> <span class='ocrx_word' id='word_1_195' title='bbox 617 3413 761 3497; x_wconf 87' lang='lat' dir='ltr'><strong>odores</strong></span> <span class='ocrx_word' id='word_1_196' title='bbox 786 3417 832 3496; x_wconf 89' lang='lat' dir='ltr'><strong>ab</strong></span> <span class='ocrx_word' id='word_1_197' title='bbox 864 3419 940 3496; x_wconf 84' lang='lat' dir='ltr'><strong>alia</strong></span> <span class='ocrx_word' id='word_1_198' title='bbox 962 3419 1235 3524; x_wconf 86' lang='lat' dir='ltr'><strong>particularum</strong></span> <span class='ocrx_word' id='word_1_199' title='bbox 1268 3417 1453 3498; x_wconf 72' lang='lat' dir='ltr'><strong>fristione</strong></span> <span class='ocrx_word' id='word_1_200' title='bbox 1476 3411 1515 3489; x_wconf 79' lang='lat' dir='ltr'><strong>dc</strong></span> 
     </span>
     <span class='ocr_line' id='line_1_28' title="bbox 182 3527 564 3632; baseline -0.047 -21"><span class='ocrx_word' id='word_1_201' title='bbox 182 3527 356 3632; x_wconf 86' lang='lat' dir='ltr'><strong>impulsu</strong></span> <span class='ocrx_word' id='word_1_202' title='bbox 374 3539 564 3629; x_wconf 87' lang='lat' dir='ltr'><strong>repetere.</strong></span> 
     </span>
    </p>
   </div>
   <div class='ocr_carea' id='block_1_7' title="bbox 287 3605 1670 3726">
    <p class='ocr_par' dir='ltr' id='par_1_11' title="bbox 287 3605 1670 3726">
     <span class='ocr_line' id='line_1_29' title="bbox 287 3605 1670 3726; baseline -0.016 -18"><span class='ocrx_word' id='word_1_203' title='bbox 287 3626 355 3710; x_wconf 84' lang='lat' dir='ltr'><strong>Ad</strong></span> <span class='ocrx_word' id='word_1_204' title='bbox 370 3629 422 3705; x_wconf 90' lang='lat'><strong>11.</strong></span> <span class='ocrx_word' id='word_1_205' title='bbox 448 3629 606 3721; x_wconf 85' lang='lat' dir='ltr'><strong>Organa</strong></span> <span class='ocrx_word' id='word_1_206' title='bbox 630 3615 890 3699; x_wconf 88' lang='lat' dir='ltr'><strong>diversimode</strong></span> <span class='ocrx_word' id='word_1_207' title='bbox 909 3617 1071 3726; x_wconf 74' lang='lat' dir='ltr'><strong>affecta,</strong></span> <span class='ocrx_word' id='word_1_208' title='bbox 1096 3619 1289 3704; x_wconf 86' lang='lat' dir='ltr'><strong>diversam</strong></span> <span class='ocrx_word' id='word_1_209' title='bbox 1315 3614 1406 3699; x_wconf 88' lang='lat' dir='ltr'><strong>lieri</strong></span> <span class='ocrx_word' id='word_1_210' title='bbox 1431 3613 1514 3693; x_wconf 61' lang='lat' dir='ltr'><strong>sen⁴</strong></span> <span class='ocrx_word' id='word_1_211' title='bbox 1667 3605 1670 3610; x_wconf 79' lang='grc'>’</span> 
     </span>
    </p>
   </div>
   <div class='ocr_carea' id='block_1_8' title="bbox 184 3717 1521 4438">
    <p class='ocr_par' dir='ltr' id='par_1_12' title="bbox 184 3717 1521 4438">
     <span class='ocr_line' id='line_1_30' title="bbox 185 3717 1515 3829; baseline -0.014 -14"><span class='ocrx_word' id='word_1_212' title='bbox 185 3735 372 3815; x_wconf 87' lang='lat' dir='ltr'><strong>sationem</strong></span> <span class='ocrx_word' id='word_1_213' title='bbox 391 3725 610 3826; x_wconf 86' lang='lat' dir='ltr'><strong>deposcunt.</strong></span> <span class='ocrx_word' id='word_1_214' title='bbox 660 3718 782 3828; x_wconf 83' lang='lat' dir='ltr'><strong>Quod</strong></span> <span class='ocrx_word' id='word_1_215' title='bbox 803 3719 981 3806; x_wconf 84' lang='lat' dir='ltr'><strong>soeminae</strong></span> <span class='ocrx_word' id='word_1_216' title='bbox 996 3723 1032 3800; x_wconf 78' lang='lat' dir='ltr'><strong>de</strong></span> <span class='ocrx_word' id='word_1_217' title='bbox 1050 3725 1285 3827; x_wconf 72' lang='lat' dir='ltr'><strong>potissimum</strong></span> <span class='ocrx_word' id='word_1_218' title='bbox 1307 3717 1515 3829; x_wconf 84' lang='lat' dir='ltr'><strong>hystericae</strong></span> 
     </span>
     <span class='ocr_line' id='line_1_31' title="bbox 184 3821 1521 3936; baseline -0.011 -19"><span class='ocrx_word' id='word_1_219' title='bbox 184 3829 431 3936; x_wconf 82' lang='lat' dir='ltr'><strong>fragrantiam</strong></span> <span class='ocrx_word' id='word_1_220' title='bbox 459 3851 538 3908; x_wconf 89' lang='lat' dir='ltr'><strong>non</strong></span> <span class='ocrx_word' id='word_1_221' title='bbox 567 3822 783 3927; x_wconf 82' lang='lat' dir='ltr'><strong>sufferant,</strong></span> <span class='ocrx_word' id='word_1_222' title='bbox 808 3822 998 3906; x_wconf 85' lang='lat' dir='ltr'><strong>rationem</strong></span> <span class='ocrx_word' id='word_1_223' title='bbox 1026 3824 1089 3904; x_wconf 90' lang='lat' dir='ltr'><strong>dat</strong></span> <span class='ocrx_word' id='word_1_224' title='bbox 1115 3830 1285 3932; x_wconf 67' lang='lat' dir='ltr'><strong>asagora</strong></span> <span class='ocrx_word' id='word_1_225' title='bbox 1312 3821 1488 3906; x_wconf 88' lang='lat' dir='ltr'><strong>medicus</strong></span> <span class='ocrx_word' id='word_1_226' title='bbox 1502 3841 1521 3916; x_wconf 57' lang='lat' dir='ltr'><strong>3n</strong></span> 
     </span>
     <span class='ocr_line' id='line_1_32' title="bbox 188 3919 1517 4042; baseline -0.008 -26"><span class='ocrx_word' id='word_1_227' title='bbox 188 3937 279 4042; x_wconf 88' lang='lat' dir='ltr'><strong>quia</strong></span> <span class='ocrx_word' id='word_1_228' title='bbox 295 3955 437 4031; x_wconf 90' lang='lat' dir='ltr'><strong>nempe</strong></span> <span class='ocrx_word' id='word_1_229' title='bbox 451 3930 497 4007; x_wconf 86' lang='lat' dir='ltr'><strong>in</strong></span> <span class='ocrx_word' id='word_1_230' title='bbox 516 3929 594 4006; x_wconf 85' lang='lat' dir='ltr'><strong>illis</strong></span> <span class='ocrx_word' id='word_1_231' title='bbox 609 3926 782 4008; x_wconf 83' lang='lat' dir='ltr'><strong>foeminis</strong></span> <span class='ocrx_word' id='word_1_232' title='bbox 796 3941 946 4007; x_wconf 84' lang='lat' dir='ltr'><strong>naturae</strong></span> <span class='ocrx_word' id='word_1_233' title='bbox 962 3941 1088 4008; x_wconf 90' lang='lat' dir='ltr'><strong>motus</strong></span> <span class='ocrx_word' id='word_1_234' title='bbox 1106 3927 1348 4009; x_wconf 84' lang='lat' dir='ltr'><strong>excretorius</strong></span> <span class='ocrx_word' id='word_1_235' title='bbox 1363 3925 1434 4026; x_wconf 68' lang='lat' dir='ltr'><strong>est,</strong></span> <span class='ocrx_word' id='word_1_236' title='bbox 1450 3919 1517 4034; x_wconf 84' lang='lat' dir='ltr'><strong>qui</strong></span> 
     </span>
     <span class='ocr_line' id='line_1_33' title="bbox 188 4025 1520 4148; baseline -0.014 -27"><span class='ocrx_word' id='word_1_237' title='bbox 188 4044 230 4121; x_wconf 89' lang='lat' dir='ltr'><strong>in</strong></span> <span class='ocrx_word' id='word_1_238' title='bbox 254 4032 513 4136; x_wconf 88' lang='lat' dir='ltr'><strong>expurgandis</strong></span> <span class='ocrx_word' id='word_1_239' title='bbox 529 4055 577 4110; x_wconf 85' lang='lat' dir='ltr'><strong>ex</strong></span> <span class='ocrx_word' id='word_1_240' title='bbox 592 4049 704 4109; x_wconf 90' lang='lat' dir='ltr'><strong>utero</strong></span> <span class='ocrx_word' id='word_1_241' title='bbox 730 4025 963 4110; x_wconf 88' lang='lat' dir='ltr'><strong>humoribus</strong></span> <span class='ocrx_word' id='word_1_242' title='bbox 989 4043 1230 4132; x_wconf 69' lang='lat' dir='ltr'><strong>occupatura</strong></span> <span class='ocrx_word' id='word_1_243' title='bbox 1257 4051 1365 4132; x_wconf 82' lang='lat' dir='ltr'><strong>aegra</strong></span> <span class='ocrx_word' id='word_1_244' title='bbox 1388 4029 1520 4148; x_wconf 76' lang='lat' dir='ltr'><strong>itaque</strong></span> 
     </span>
     <span class='ocr_line' id='line_1_34' title="bbox 192 4129 1519 4236; baseline -0.011 -15"><span class='ocrx_word' id='word_1_245' title='bbox 192 4137 360 4221; x_wconf 87' lang='lat' dir='ltr'><strong>sentiens</strong></span> <span class='ocrx_word' id='word_1_246' title='bbox 386 4149 461 4214; x_wconf 89' lang='lat' dir='ltr'><strong>tam</strong></span> <span class='ocrx_word' id='word_1_247' title='bbox 491 4135 632 4211; x_wconf 85' lang='lat' dir='ltr'><strong>hilares</strong></span> <span class='ocrx_word' id='word_1_248' title='bbox 656 4129 807 4236; x_wconf 88' lang='lat' dir='ltr'><strong>spiritus</strong></span> <span class='ocrx_word' id='word_1_249' title='bbox 832 4159 852 4210; x_wconf 90' lang='lat' dir='ltr'><strong>a</strong></span> <span class='ocrx_word' id='word_1_250' title='bbox 877 4129 1085 4234; x_wconf 85' lang='lat' dir='ltr'><strong>fragrantia</strong></span> <span class='ocrx_word' id='word_1_251' title='bbox 1108 4131 1324 4236; x_wconf 66' lang='lat' dir='ltr'><strong>inductos,</strong></span> <span class='ocrx_word' id='word_1_252' title='bbox 1358 4132 1519 4212; x_wconf 86' lang='lat' dir='ltr'><strong>alacrrus</strong></span> 
     </span>
     <span class='ocr_line' id='line_1_35' title="bbox 194 4233 1520 4418; baseline -0.01 -93"><span class='ocrx_word' id='word_1_253' title='bbox 194 4241 376 4325; x_wconf 82' lang='lat' dir='ltr'><strong>adversus</strong></span> <span class='ocrx_word' id='word_1_254' title='bbox 393 4237 587 4316; x_wconf 88' lang='lat' dir='ltr'><strong>materiam</strong></span> <span class='ocrx_word' id='word_1_255' title='bbox 606 4251 835 4418; x_wconf 48' lang='lat' dir='ltr'><strong>peccantem¹</strong></span> <span class='ocrx_word' id='word_1_256' title='bbox 847 4233 1032 4416; x_wconf 70' lang='lat' dir='ltr'><strong>ilnfurgit,</strong></span> <span class='ocrx_word' id='word_1_257' title='bbox 1055 4235 1092 4322; x_wconf 78' lang='lat' dir='ltr'><strong>dc</strong></span> <span class='ocrx_word' id='word_1_258' title='bbox 1108 4237 1219 4344; x_wconf 77' lang='lat' dir='ltr'><strong>peius</strong></span> <span class='ocrx_word' id='word_1_259' title='bbox 1232 4237 1347 4320; x_wconf 84' lang='lat' dir='ltr'><strong>habet</strong></span> <span class='ocrx_word' id='word_1_260' title='bbox 1363 4261 1376 4341; x_wconf 82' lang='lat'>3</span> <span class='ocrx_word' id='word_1_261' title='bbox 1419 4235 1520 4314; x_wconf 75' lang='lat' dir='ltr'><strong>Gom</strong></span> 
     </span>
     <span class='ocr_line' id='line_1_36' title="bbox 893 4355 1472 4438; baseline -0.009 -15"><span class='ocrx_word' id='word_1_262' title='bbox 893 4357 915 4438; x_wconf 80' lang='lat'>3</span> <span class='ocrx_word' id='word_1_263' title='bbox 1371 4355 1472 4420; x_wconf 67' lang='lat' dir='ltr'><strong>vero</strong></span> 
     </span>
    </p>
   </div>
   <div class='ocr_carea' id='block_1_9' title="bbox 0 0 1921 4958">
    <p class='ocr_par' dir='ltr' id='par_1_13' title="bbox 0 0 1921 4958">
     <span class='ocr_line' id='line_1_37' title="bbox 0 0 1921 4958; baseline 0 0"><span class='ocrx_word' id='word_1_264' title='bbox 0 0 1921 4958; x_wconf 95' lang='lat' dir='ltr'><strong> </strong></span> 
     </span>
    </p>
   </div>
  </div>
 </body>
</html>
