3878 4958
443 557 517 616 120
935 515 1175 604 'sncrroms
1201 525 1236 604 Ι.

395 713 637 802 servationes
653 711 709 791 est
727 703 989 788 demonstrata
1010 711 1062 812 (l.
1084 713 1199 810 rso).
1250 707 1436 818 Quamvis
1451 707 1610 796 intimus
1625 711 1740 814 huius
1829 701 1834 709 ”

395 829 591 902 caerimonis
616 813 754 897 modus
778 810 893 892 nobis
917 810 1094 893 nondum
1123 813 1368 914 innotuerit3
1405 812 1457 892 src
1480 841 1597 896 nemo
1623 831 1739 916 negat

393 923 529 1008 sacile:
558 915 643 996 dari
660 943 850 1017 corpora,
876 913 962 993 dari
980 916 1161 1018 spiritus,
1188 935 1358 1000 mentem
1377 917 1452 996 elle
1471 922 1628 1020 corpori
1647 944 1739 1000 con·

390 1025 559 1136 junstam
579 1049 591 1120 ς
627 1018 801 1125 quamvis
819 1021 958 1100 horum
977 1017 1151 1098 intimam
1171 1039 1374 1120 naturam,
1410 1022 1448 1100 δι
1471 1022 1634 1104 unionis
1656 1047 1740 1100 mo-

395 1130 485 1211 dum
508 1125 730 1226 Philosophi
751 1121 902 1203 cordati
920 1121 959 1198 se
977 1122 1160 1206 hasiensis
1184 1125 1370 1226 ignorare
1396 1125 1597 1206 fateantur.
1649 1121 1740 1204 Scio

393 1230 607 1336 equidem,
641 1227 828 1332 quosdam
862 1223 910 1302 ad
946 1225 1214 1328 explicabdam
1274 1229 1534 1315 uodammodo
1559 1231 1740 1329 univofirlir

393 1341 506 1438 hujus
523 1341 713 1412 meracioris
734 1329 883 1442 causam
900 1329 1147 1442 supponere:
1180 1359 1259 1437 quo
1314 1332 1446 1413 omnia
1469 1355 1638 1438 quaeque
1654 1351 1741 1410 cor-

395 1463 494 1540 pora
518 1434 594 1516 suis
620 1431 887 1547 atmosphaens
909 1433 1189 1516 insensibiliter
1212 1437 1456 1518 ambiantur:
1499 1459 1591 1540 quae
1623 1448 1741 1514 atmo-

394 1542 581 1643 splraerae,
605 1563 684 1640 quo
700 1557 856 1635 magma
873 1559 1083 1636 corporum
1099 1539 1310 1642 superficie
1329 1537 1561 1640 abscedunt,
1587 1563 1637 1618 eo
1655 1535 1744 1614 sunt

397 1641 649 1722 densiores&
666 1637 786 1738 magis
801 1636 995 1739 elasticae3
1024 1641 1073 1718 ita
1089 1657 1134 1722 ut
1148 1643 1174 1722 li
1192 1668 1334 1745 corpus
1348 1639 1508 1746 aliquod
1524 1668 1561 1720 v.
1572 1665 1617 1742 ¹g.
1636 1650 1741 1741 gutta

226 1759 358 1838 ΜΗ.
393 1744 587 1826 Mercurii
614 1749 655 1824 Α
682 1739 841 1820 alterius
865 1755 987 1842 guttae
1012 1749 1045 1822 Β
1071 1741 1340 1847 atmosplraerae
1372 1745 1515 1826 rariori
1546 1742 1741 1844 paulisper

223 1869 294 1968 fig.
308 1883 356 1960 ¹3·
395 1848 661 1956 propinquum
696 1843 745 1960 srt
758 1901 773 1948 7
813 1845 1010 1946 pressione
1040 1845 1195 1928 elastica
1221 1850 1373 1929 externi
1400 1848 1609 1930 ambientis
1633 1845 1740 1926 ultro

396 1969 500 2056 gutta
517 1959 558 2036 A
574 1950 616 2030 in
636 1949 793 2029 alterius
812 1961 930 2047 guttae
947 1951 979 2026 B
996 1953 1289 2051 atmosphaeram
1306 1951 1541 2034 intrudatur.
1582 1957 1666 2029 Hac
1681 1969 1740 2023 ra·

393 2057 506 2139 tione
526 2077 574 2133 ex
594 2051 741 2132 duabus
755 2049 1021 2148 atmosphaeris
1039 2051 1110 2132 fiet
1125 2079 1231 2154 una,
1264 2052 1301 2132 dc
1326 2069 1446 2156 guttae
1470 2053 1512 2132 in
1538 2077 1655 2132 unam
1682 2074 1742 2127 ra-

391 2162 539 2242 riorem
558 2155 850 2258 atmosphaeram
868 2169 1081 2257 coeuntes,
1113 2159 1309 2258 presfione
1327 2155 1483 2238 elastlca
1508 2151 1618 2234 densr
1637 2167 1741 2232 exte-

392 2263 511 2344 rioris
536 2259 743 2340 ambientis
764 2255 1069 2344 eliberabuntun
1121 2257 1372 2344 Confinnant
1401 2261 1475 2340 hoc
1505 2279 1664 2361 quoque
1691 2275 1740 2330 ex

394 2391 468 2466 eo,
520 2361 599 2445 uod
616 2361 715 2442 radii
735 2358 923 2460 luminis,
960 2359 988 2437 sr
1007 2361 1114 2440 sorte
1130 2363 1244 2462 paulo
1263 2363 1419 2465 longius
1444 2357 1740 2450 diffundantur,

393 2469 462 2546 ins
532 2468 545 2544 i
565 2463 808 2562 videantur,
845 2462 1058 2542 &curvam
1077 2465 1257 2544 afficiant.
1278 2463 1282 2470 ’
1310 2464 1385 2546 Sed
1405 2465 1567 2543 minime
1583 2461 1670 2541 haec
1687 2453 1741 2534 as·

393 2571 540 2668 sumpta
554 2562 774 2672 hypothesis
791 2563 931 2644 sufficit
947 2563 1215 2664 phaenomenis
1232 2566 1472 2668 explicandis
1492 2595 1501 2640 :
1538 2587 1607 2644 cur
1631 2561 1738 2639 enim

394 2671 508 2752 etiam
529 2670 570 2748 in
584 2693 707 2750 vacuo
719 2666 849 2746 antliae
860 2665 1271 2772 cylindricohaerent?
1289 2675 1339 2773 (l.
1353 2698 1433 2752 110.
1442 2681 1594 2775 asperim.
1606 2665 1737 2761 xlv.)

393 2801 464 2857 cur
479 2797 646 2873 corpora
663 2768 842 2874 quaedam
861 2768 1114 2874 languidius,
1139 2771 1317 2874 quaedam
1335 2773 1515 2854 velocius
1532 2765 1579 2847 ad
1601 2765 1641 2844 se
1658 2789 1740 2840 mu-

392 2897 460 2960 tuo
481 2873 701 2976 accedunt,
735 2871 763 2952 fi
782 2871 917 2954 eadem
933 2874 990 2954 est
1010 2874 1163 2976 semper
1180 2877 1331 2954 externi
1350 2871 1553 2954 ambientis
1570 2865 1740 2971 pressio?

394 3006 465 3062 cur
474 2979 573 3059 radii
585 2980 701 3079 lucis,
728 2975 1150 3078 exaereinaquamaut
1169 2979 1312 3059 vitrum
1330 2975 1536 3057 reslillime
1559 2966 1740 3052 inciden-

393 3100 481 3182 tes,
514 3079 750 3161 transeundo
774 3107 848 3183 per
868 3079 1015 3158 vitrum
1042 3079 1302 3160 direstioncm
1327 3080 1510 3180 variant,
1552 3093 1664 3179 atque
1690 3069 1739 3150 ad

396 3183 761 3284 perpendicularem
790 3179 979 3260 accedunt
1000 3185 1051 3284 (l.
1068 3205 1156 3285 433.
1186 3187 1204 3262 2
1231 3183 1301 3261 &c
1329 3184 1456 3286 itaque
1484 3179 1599 3260 satius
1619 3175 1741 3256 suerit

393 3284 682 3388 ignorationem
699 3281 921 3462 (profiteri,
963 3309 1077 3386 quam
1101 3285 1144 3366 in
1163 3283 1345 3366 officiens
1369 3287 1406 3365 δι
1433 3282 1652 3385 precarium
1680 3276 1742 3358 in·

392 3403 555 3470 vantram
573 3413 696 3489 procu
727 3409 795 3467 ere
810 3413 823 3488 3
857 3387 1054 3490 longeque
1081 3387 1257 3470 semuius
1273 3388 1393 3470 suerit
1410 3411 1497 3468 cum
1514 3379 1741 3468 Clarillimis

392 3493 760 3592 VirissGravefirndio‚
786 3492 1080 3593 Muscbcmbroekso,
1114 3495 1283 3590 Whrstono,
1315 3497 1425 3570 Ketllt'o
1447 3491 1516 3571 διε.
1543 3488 1737 3568 internam

392 3591 608 3777 quampiam
627 3591 707 3671 vim
724 3593 766 3674 in
792 3593 1024 3692 corporibus
1042 3607 1175 3673 mutuo
1200 3590 1474 3676 accedentibus
1499 3588 1740 3694 agnoscere,

423 3727 488 3782 um
506 3699 634 3778 nullus
652 3712 838 3778 externus
854 3694 1018 3794 impetus
1036 3693 1169 3774 afferri
1188 3697 1339 3800 potest,
1363 3723 1471 3800 aquo
1479 3697 1740 3802 phaenomena

394 3827 485 3880 mox
502 3800 688 3878 insinuata
706 3805 736 3900 l.
759 3829 838 3884 110·
858 3799 1005 3896 pollent
1022 3797 1177 3878 deduci.

494 3899 561 3984 Ad
580 3905 630 3978 ll.
658 3909 732 3984 Hae
752 3901 995 4007 objestiones
1013 3925 1061 3980 ex
1079 3925 1159 3981 non
1186 3897 1369 4003 inspeetis
1391 3897 1601 4002 principiis
1619 3907 1737 3974 Neuro-

269 4033 276 4048 ·
393 4017 496 4086 nium
520 4003 834 4105 proficiscuntur.
886 4004 952 4085 sic
976 4027 1116 4103 nempe
1142 4003 1220 4098 fit,
1241 4061 1242 4064 ,
1264 4031 1352 4085 cum
1382 4003 1557 4085 inaudita
1581 3995 1740 4080 alterius

394 4110 501 4190 causa
518 4107 680 4188 victoria
699 4110 861 4190 canitur.
914 4115 1035 4188 Certe
1053 4106 1119 4226 qui
1137 4111 1187 4188 ll.
1205 4105 1242 4185 ἃ
1260 4111 1333 4189 ΠΙ.
1351 4115 1498 4208 Legem
1520 4112 1543 4184 ‘·.
1560 4131 1640 4185 rra.
1652 4123 1737 4199 per-

392 4211 596 4315 penderit,
622 4237 820 4312 nunquam
837 4206 1075 4309 eiuscemodr
1094 4209 1337 4310 objesliones
1358 4206 1577 4312 procudeta
1615 4197 1736 4309 Quod

395 4318 423 4397 li
441 4319 525 4422 quis
539 4329 667 4399 tameo
685 4313 729 4395 sit
747 4365 762 4415 ,
795 4312 861 4424 qui
876 4327 1079 4427 tantopere
1101 4313 1228 4404 sibila
1244 4315 1326 4414 illis
1343 4309 1740 4507 οὺῆεᾶἰοῃῑὲἓϊεεξίηι
