3900 4956
371 510 606 590 Pnurncrro
626 481 1292 624 Il.DeExrsrnrrr1nConrorom.
1449 513 1497 593 45

213 695 253 774 in
272 688 600 772 Illustrationibus
617 685 664 766 ad
679 687 798 766 libros
814 689 854 762 dr
870 687 1057 790 inquirenda
1076 699 1208 764 varitate
1220 683 1372 766 diceret
1389 712 1397 761 ε
1418 681 1552 760 huma-

212 822 261 875 na
276 795 429 872 ratione
445 791 549 888 vix,
577 815 622 868 ac
646 813 697 867 ne
722 790 788 866 vix
811 786 971 890 quidem
997 788 1153 888 probari
1178 789 1283 885 posse
1308 783 1549 863 existentiam

212 919 457 994 corporum,
484 889 711 970 nierivina
727 893 827 968 hanc
845 913 917 968 nos
943 889 1150 968 authoritas
1170 888 1348 968 doceret.
1403 889 1549 964 Donec

212 999 369 1078 tandem
382 1007 516 1096 aperte
527 995 786 1073 Recentiores
806 991 964 1095 quidam
987 992 1229 1072 existentiam
1248 1012 1462 1088 corporum
1480 1011 1548 1100 ne3

213 1123 304 1204 gare
328 1109 572 1194 coeperunt,
600 1096 653 1174 illi
679 1097 894 1194 nimirum,
931 1117 1032 1198 quos
1060 1093 1293 1174 infrunitum
1318 1089 1547 1189 scepticismr

211 1199 381 1280 studium
401 1195 652 1296 occaecavit,
680 1200 865 1300 aquibus
886 1220 1002 1298 quam
1019 1195 1232 1296 longillime
1254 1197 1445 1274 absumus.

555 1377 1194 1488 PROPOSITLO.

211 1519 321 1619 §.13ss
351 1522 513 1656 Cirtam
531 1519 585 1614 cll,
606 1517 693 1620 quod
709 1541 832 1631 corpora
850 1519 989 1628 trissant.
1563 1529 1621 1600 exl
1657 1523 1723 1594 ntia

431 1621 622 1698 Probatur
639 1617 786 1718 duplrcr
805 1615 1039 1716 potrllrmum
1061 1633 1289 1716 argumento
1311 1645 1321 1696 ε
1350 1617 1446 1694 Nam
1460 1615 1543 1693 sen·
1560 1645 1722 1732 corporum

212 1719 274 1800 sus
292 1720 443 1822 nostri,
469 1716 597 1796 debita
618 1719 771 1795 ratione
789 1741 833 1794 ac
861 1715 1047 1794 methodo
1077 1717 1279 1818 applicati,
1308 1743 1388 1796 non
1405 1718 1542 1796 fallunt

212 1847 285 1899 nos
301 1837 522 1920 perpetuo,
549 1819 651 1896 utin
672 1829 791 1922 Logica
816 1816 992 1912 dicitur3
1026 1819 1243 1916 praesertim
1273 1819 1299 1896 fi
1325 1820 1411 1896 sarra
1433 1841 1544 1896 mens

211 1922 270 2000 his
295 1925 571 2003 sensationibus
591 1920 734 1998 arbitra
743 1919 902 1998 actestis
913 1917 1073 1996 accedat
1091 1947 1100 1995 r
1153 1927 1297 2024 Neque
1310 1924 1424 2000 Deus
1438 1917 1550 2016 Opti·

212 2048 301 2105 mus
319 2051 391 2104 nos
409 2026 462 2102 ita
482 2021 790 2122 deludisemper
808 2022 916 2120 vult,
934 2034 980 2095 ut
1002 2016 1265 2120 imprellione,
1286 2023 1434 2123 nescio,
1459 2046 1552 2124 qua·

211 2152 300 2206 rum
317 2125 495 2204 idearum
512 2139 698 2225 putemus
722 2146 795 2202 nos
815 2138 979 2213 externa
1002 2121 1169 2223 sentire,
1199 2146 1292 2225 quae
1309 2139 1437 2202 tamen
1455 2122 1550 2202 nihil

213 2229 310 2326 smt,
334 2228 404 2308 nisr
421 2223 677 2322 deceptiones
699 2223 856 2304 mentis.
910 2232 1054 2302 Primum
1080 2245 1228 2326 pugnat
1245 2251 1337 2304 cum
1361 2224 1551 2304 constanti

213 2328 475 2429 experientia,
500 2349 577 2428 qua
592 2327 723 2405 sensus
740 2327 843 2404 bene
868 2324 1038 2424 disposui
1056 2341 1250 2426 perpetuo
1269 2355 1307 2406 v.
1320 2353 1357 2430 g.
1378 2327 1550 2420 calorem

147 2510 151 2518 x
213 2427 255 2504 in
278 2429 386 2532 igne,
402 2430 442 2506 in
465 2424 588 2530 glacie
604 2425 748 2528 frigus,
769 2426 809 2504 in
828 2425 922 2504 selle
937 2425 1232 2508 amaritudinem
1246 2427 1545 2532 persentiscunt,

214 2529 253 2606 dr
279 2527 423 2610 evertit
438 2528 541 2611 ¹illud
561 2527 736 2606 veritatis
754 2527 981 2629 criterium,
1001 2528 1110 2633 quod
1127 2532 1299 2611 Christus
1317 2530 1402 2629 post
1416 2532 1547 2610 resur-

212 2628 430 2712 rectionem
455 2633 559 2710 suam
586 2628 634 2708 ad
660 2629 992 2710 demonstrandam
1020 2631 1200 2733 corporis
1217 2635 1273 2715 sui
1297 2633 1545 2738 praesentiam

74 2789 87 2810 .
211 2730 387 2814 adhiberi
412 2731 607 2832 praecepit
633 2743 721 2811 erc.
739 2757 796 2826 24.
815 2761 850 2810 v.
864 2761 918 2831 39.
946 2739 1075 2842 Palparr
1102 2737 1144 2812 cs
1166 2741 1287 2828 videre,
1318 2747 1392 2834 quia
1410 2739 1544 2838 spiritus

211 2861 332 2912 cantem
352 2845 393 2914 tr
412 2837 471 2936 offir
488 2865 549 2913 non
566 2834 677 2921 lubet,
702 2837 961 2936 quemadmodum
979 2865 1026 2911 me
1042 2837 1153 2912 videtis
1170 2839 1287 2917 habere.
1315 2842 1369 2915 Ut
1387 2859 1436 2912 ex
1453 2833 1545 2934 Epi-

213 2959 441 3018 curaeorurn
461 2933 637 3013 doctrina
661 2934 701 3010 in
720 2933 867 3031 Logica
893 2935 1056 3012 uberius
1083 2935 1267 3014 traditum
1286 2941 1353 3017 est.
1407 2941 1547 3012 Alterum
1626 2947 1632 2954 “

212 3061 312 3117 vero
340 3038 440 3118 tollit
466 3037 583 3133 Deo,
611 3030 959 3112 beneficentissrmo
987 3032 1189 3136 Domino,
1216 3038 1320 3117 suam
1339 3052 1547 3136 naturam,

214 3154 259 3216 ut
275 3163 417 3240 nempe
440 3137 481 3216 in
510 3161 583 3216 nos
602 3138 729 3215 bonus
751 3159 834 3214 non
860 3135 935 3235 ht,
963 3137 1028 3216 sed
1056 3155 1251 3237 perpetuo
1273 3143 1387 3222 fallax
1408 3156 1548 3219 contra

214 3257 390 3321 naturam
420 3237 567 3338 Optimi
591 3235 728 3338 Emit,
758 3236 868 3340 quod
893 3237 935 3317 in
951 3239 1210 3344 Metaphysrca
1225 3241 1416 3343 rejicitur.
1470 3243 1547 3344 lgi

213 3355 278 3420 tur
296 3367 464 3446 corpora
480 3365 623 3421 revera
649 3337 940 3442 evidenterque
967 3342 1147 3420 existunt.
1200 3344 1330 3423 Fateri
1351 3359 1481 3424 tamen
1502 3369 1545 3418 o-

213 3455 373 3541 portet:
402 3443 655 3538 evidentiam,
673 3467 789 3542 quam
809 3441 858 3519 de
882 3467 1094 3542 corporum
1122 3443 1325 3535 existentia
1340 3447 1543 3544 habemus,

214 3571 296 3626 non
313 3546 388 3625 esse
403 3545 701 3622 mathematicam
721 3574 732 3642 3
758 3567 839 3622 non
858 3545 958 3624 enim
977 3559 1052 3622 tam
1065 3547 1169 3623 clare
1181 3569 1263 3625 earn
1277 3547 1546 3648 perspicimus,

215 3672 259 3726 ac
282 3649 381 3725 hanc
408 3672 447 3723 v.
468 3670 503 3744 g.
528 3643 861 3744 propositionem:
898 3645 1007 3748 quod
1031 3647 1149 3725 lineae
1175 3647 1299 3726 reuae
1323 3651 1541 3745 parallelae,
1581 3647 1582 3650 ‘

214 3773 310 3853 quae
329 3749 535 3852 aequaliter
550 3746 702 3849 ubique
719 3771 739 3822 a
754 3747 792 3824 se
808 3764 945 3826 mutuo
961 3745 1121 3844 distant,
1148 3763 1348 3850 nequeant
1357 3773 1540 3852 „unquam

211 3873 481 3952 concurrere,
508 3849 575 3928 etsr
597 3848 635 3927 in
659 3849 854 3927 infinitum
872 3849 1224 3951 protraherentur3
1262 3855 1404 3958 Neque
1424 3851 1540 3930 etiam

212 3952 352 4034 modus
371 3955 485 4031 nobis
511 3949 748 4030 sufficienter
770 3952 991 4049 exploratus
1013 3949 1090 4048 est,
1118 3974 1198 4066 quo
1226 3976 1394 4052 corpora
1417 3953 1539 4034 menti
1586 4031 1593 4043 ,

214 4057 254 4132 in
267 4054 493 4154 cognitione
508 4053 709 4133 uniantur.
762 4052 1024 4133 Nihilominus
1042 4055 1318 4134 certrtudinem
1333 4056 1445 4136 affert
1458 4053 1540 4135 evi·

75 4257 77 4259 Ι
216 4155 345 4240 dentia
360 4153 445 4259 illa,
474 4154 759 4256 &defipientes
776 4158 897 4236 solum
923 4155 1066 4257 patitur
1086 4153 1277 4236 dubitare.
