3782 4958
471 500 550 603 '412
916 471 1186 598 Sicrrours
1229 499 1282 579 II.

414 681 640 784 observari,
666 691 895 787 tantumque
919 635 1098 788 prestet,
1123 679 1310 792 quantum
1336 677 1595 788 teleseopium
1624 687 1759 792 Hegeas

419 813 488 891 123
518 785 637 888 pedes
662 785 833 886 longum.

245 913 316 988 ΡΜ
337 933 406 986 dra·
521 913 684 1000 Materia
702 939 774 1014 pro
795 915 960 1014 speculis
976 917 1053 996 illis
1076 915 1147 998 ltac
1172 919 1326 998 ratione
1348 932 1539 1018 paratur:
1566 924 1613 1000 In
1633 916 1759 1000 cruci-

242 932 404 1120 riossuculi
420 1019 558 1101 bulum
585 1013 756 1098 candens
775 1015 962 1100 mitantur
983 1019 1072 1102 otto
1103 1034 1229 1120 partes
1255 1019 1388 1121 optimi
1428 1021 1541 1124 cupri
1574 1021 1756 1100 minutim

242 1121 398 1196 mantici.
421 1115 1758 1226 concissaquoddeindeparitercandensconspergaturcumsaletar·
1862 1167 1864 1218 4

420 1225 509 1326 tari,
519 1225 735 1304 mixtocum
746 1217 865 1324 dupla
881 1223 1090 1326 quantitate
1106 1225 1198 1306 iitri
1222 1225 1369 1306 Veneti
1386 1225 1612 1326 pulverisati
1631 1255 1640 1304 τ
1669 1229 1759 1304 suat
1862 1223 1864 1238 ‘

420 1351 589 1428 cuprum
615 1322 746 1404 medio
763 1322 977 1427 quadrante
1003 1325 1136 1428 horae,
1163 1351 1289 1408 moxt
1317 1349 1405 1428 pars
1419 1349 1468 1406 ex
1482 1329 1651 1430 pulvere
1672 1351 1760 1406 mox

419 1423 682 1510 describendo
695 1423 916 1531 injiciatur„
932 1431 969 1510 δι
984 1425 1228 1528 permittatur
1243 1431 1376 1510 rursus
1392 1455 1557 1530 cuprum
1574 1429 1759 1531 aliquam·

419 1533 493 1615 diu
511 1531 712 1631 influere3
739 1529 953 1632 excipiatur
967 1529 1081 1632 virga
1096 1527 1225 1610 serrea
1243 1530 1462 1634 tantillum,
1488 1529 1594 1636 quod
1615 1529 1643 1608 fi
1664 1557 1760 1611 non-

420 1635 515 1718 dum
548 1631 802 1728 satisfecerit,
839 1629 891 1712 de
916 1633 1054 1713 stanno
1071 1633 1297 1736 Anglicano
1316 1631 1526 1732 injiciatur.
1579 1633 1760 1714 Pulveris

419 1739 508 1817 haec
525 1735 581 1816 est
597 1733 828 1836 praeparatio
855 1761 864 1813 r
908 1730 1094 1815 Arsenici
1110 1737 1187 1814 albi
1206 1761 1277 1836 per
1292 1734 1604 1816 sublimationem
1621 1733 1761 1836 purifi-

421 1837 528 1937 cati,
554 1835 741 1919 mercurii
766 1836 946 1940 purgati,
972 1837 1009 1914 dt
1029 1836 1154 1918 stanni
1171 1836 1387 1939 Anglicani
1412 1861 1541 1938 partes
1566 1835 1761 1942 aequales,

420 1939 459 2018 δε
489 1937 662 2040 silibet,
696 1933 857 2018 dimidia
888 1967 976 2041 pars
1001 1942 1151 2040 argenti
1176 1938 1333 2021 seorsim
1363 1939 1566 2022 solvantur
1590 1941 1631 2022 in
1660 1966 1758 2054 aqua

419 2043 544 2146 sorti3
570 2041 809 2124 misceantur
830 2041 1066 2142 solutiones,
1093 2044 1130 2122 &
1171 2039 1403 2144 digerantur
1428 2043 1470 2119 in
1491 2067 1610 2122 arena
1636 2041 1761 2120 calida
1863 2109 1864 2114 a

419 2167 492 2248 per
509 2173 558 2248 24
574 2146 715 2244 horas;
743 2143 942 2246 apparebit
958 2143 1232 2246 itaque'pulvis
1252 2143 1361 2224 albus
1378 2145 1422 2221 in
1447 2143 1576 2225 sundo
1599 2161 1681 2226 tum
1698 2145 1761 2222 ab·

419 2247 611 2329 strahatur
627 2275 724 2354 aqua
740 2245 853 2330 sortis
870 2269 943 2349 per
961 2247 1221 2346 alembicum,
1247 2245 1341 2347 lapis
1358 2245 1466 2325 albus
1483 2247 1696 2348 eximatur,
1724 2247 1762 2326 dc

420 2350 512 2429 oleo
532 2351 661 2430 tartari
689 2375 761 2450 per
787 2347 1005 2466 deliquium
1045 2346 1287 2430 humeitatus
1312 2361 1460 2429 teratur
1483 2347 1526 2429 in
1552 2353 1761 2434 marmore.
1861 2367 1864 2446 ἦ

420 2455 520 2532 Haec
546 2451 805 2554 humeitatio,
838 2451 970 2554 tratio,
997 2449 1150 2531 siccatio
1176 2467 1315 2552 quater
1340 2465 1568 2552 repetatur,
1596 2453 1632 2532 δι
1660 2451 1762 2532 obti-

281 2579 288 2590 ·
419 2550 580 2634 nebitur
604 2555 676 2634 hac
702 2553 877 2658 ratione,
903 2570 945 2636 ut
971 2553 1187 2634 arsenicum
1215 2553 1335 2635 sixius
1368 2551 1538 2656 evadat,
1572 2551 1610 2656 δε
1636 2579 1763 2656 cupro

420 2655 574 2737 firmius
597 2659 765 2738 uniatur.

520 2786 717 2894 Quoniam
743 2811 842 2868 vero
873 2787 960 2866 haec
996 2781 1363 2888 speculafsacillime
1398 2781 1566 2901 maculas
1591 2787 1630 2869 da
1653 2787 1763 2868 rubi-
1861 2771 1863 2818 ³

422 2890 556 2992 ginem
586 2891 852 2990 contrahunt,
886 2889 1133 3000 praesertim,
1170 2885 1198 2966 sr
1223 2887 1304 2968 aeri
1325 2889 1474 2972 nitroso
1493 2907 1762 2995 exponantur,
1860 2879 1863 2940 ¹⁴

411 3006 490 3088 ¹,aut
512 2991 540 3070 li
561 2991 899 3076 observationibus
925 2987 1158 3068 militaribus
1181 2989 1349 3072 hoslium
1375 2993 1417 3070 in
1436 2989 1534 3070 locis
1557 2989 1763 3094 paludino-
1861 3005 1862 3064 l

424 3091 474 3170 sis
501 3093 753 3194 deserviant,
787 3093 881 3172 hinc
906 3117 986 3170 non
1015 3087 1182 3168 defuere
1209 3091 1326 3192 periti
1353 3093 1554 3194 artifices,
1614 3095 1654 3174 ui
1679 3091 1766 3196 spe·-

425 3195 515 3274 eula
538 3195 606 3275 illa
638 3221 686 3275 ex
711 3197 818 3276 vitro
848 3189 1051 3272 conficere
1075 3204 1332 3296 attentarunt,
1356 3195 1394 3276 δι
1426 3193 1551 3297 reipsa
1618 3195 1767 3279 elesco·
1839 3239 1862 3290 ,ς

419 3296 531 3400 pium
555 3299 707 3400 insigne
735 3323 823 3377 cum
851 3291 1092 3396 eJuscemodi
1117 3294 1252 3378 vitreis
1277 3293 1444 3400 speculis
1469 3295 1638 3398 perfecit
1670 3299 1766 3380 D'do

423 3403 623 3502 Lamsorti,
648 3395 917 3478 munificentia
942 3396 1178 3477 Sereniffimi
1205 3405 1358 3478 Princiit
1385 3405 1512 3508 Jorpba'
1543 3407 1706 3478 chcesloi
1728 3403 1768 3478 dc

425 3506 637 3604 biechtmsser'n
654 3497 848 3581 indueus.
881 3502 949 3582 De
967 3526 1049 3606 quo
1066 3497 1178 3602 plura
1188 3498 1230 3580 in
1244 3427 1457 3610 biliotheque
1474 3507 1634 3608 Raisonm
1686 3507 1767 3581 Sta·

425 3605 552 3685 tivum
579 3603 685 3684 illius
708 3599 913 3706 singularis
944 3599 1227 3686 commoditatis
1249 3603 1329 3706 est,
1356 3604 1394 3686 δι
1421 3603 1464 3687 in
1492 3627 1631 3684 omnes
1660 3599 1768 3684 dire·-
1860 3697 1861 3704 Ν

419 3705 578 3788 ,triones
596 3704 787 3788 facillime
812 3704 1034 3791 inclinatur.
1116 3701 1340 3809 optandum
1365 3721 1491 3787 autem
1527 3707 1565 3786 dc
1589 3705 1653 3786 hic
1673 3705 1766 3784 uni·
1860 3739 1861 3784 ;

419 3804 515 3888 'curn
540 3807 671 3912 soret,
704 3825 823 3893 utne
860 3834 933 3916 per
956 3805 1231 3890 resraiiionem
1265 3805 1412 3912 speculi
1441 3807 1558 3890 vitrei
1588 3805 1766 3896 debilita·
1860 3809 1861 3825 '

426 3925 566 3992 rentur
588 3911 720 4016 radii3
759 3913 826 4017 qui
851 3913 1013 4017 quidem
1045 3908 1222 3991 desertus
1248 3937 1328 3991 non
1357 3907 1658 4011 emendabitur,
1692 3911 1767 3992 nisi
1859 3935 1860 3940 ‘

425 4025 529 4092 tanta
555 4015 714 4098 inventa
746 4015 868 4096 suerit
902 4009 1092 4114 segmenti
1120 4009 1158 4088 u
1184 4011 1379 4108 concavi,
1413 4013 1647 4094 &convexi
1705 4039 1766 4097 ro·

427 4113 590 4216 portio,
615 4131 658 4198 ut
682 4116 883 4196 radiorum
910 4111 1186 4196 coadunationi
1213 4115 1250 4196 dt
1275 4113 1441 4196 claritati
1465 4138 1538 4220 per
1563 4115 1670 4194 resra
1711 4115 1764 4197 io-

429 4240 522 4298 nem
548 4215 647 4298 nihil
673 4215 862 4298 dematur.
1206 4239 1214 4255 ·

1549 4349 1711 4458 lesa·
1854 4375 1859 4562 ψ

1858 4637 1859 4696 l

1855 4787 1858 4860 l
