3900 4956
344 511 618 593 Dtssmrxrro
645 499 1313 589 II.DoCousrncruH1sr.P1ns.
1445 519 1496 604 29

212 699 360 802 giarum
389 692 647 793 inventores;
675 691 725 773 de
743 671 914 798 quorum
940 687 1107 796 phyficis
1132 685 1396 800 systematibus
1416 684 1544 791 fingu-

213 801 316 880 latim
334 796 526 900 agendum
542 795 609 872 est.
1496 807 1498 814 ’

319 901 471 980 XXVI.
502 901 650 984 canelus
674 895 810 998 itaque
836 916 925 972 cum
960 893 1117 974 videret
1143 893 1294 974 inanem
1320 891 1544 992 multiplici·
1559 929 1682 1029 ἀπιῇ,

203 1021 328 1082 ¹tatem
350 995 665 1174 princifdmm’
694 1021 790 1100 quae
809 1009 966 1076 veteres
984 995 1232 1086 statuerunt:
1260 994 1355 1076 nulli
1378 991 1539 1076 omnino
1685 981 1696 1004 ’

204 1100 413 1186 sententiae
453 1121 475 1175 e
505 1097 763 1179 ehabendam
799 1098 918 1178 fidem
956 1095 1142 1201 asseruit,
1170 1097 1239 1179 nist
1258 1099 1365 1200 prius
1385 1098 1431 1177 ad
1451 1120 1540 1177 exa-

206 1232 297 1286 men
315 1219 515 1297 revocata,
534 1202 740 1280 veritatem
760 1212 825 1282 aut
843 1203 973 1278 saltem
991 1200 1367 1280 verisimilitudinem
1387 1201 1540 1278 intelle-

208 1307 290 1387 tlui
311 1305 544 1385 exhiberet:
569 1303 646 1381 hoc
664 1306 802 1388 ¹animo
823 1299 1030 1382 instruens
1046 1301 1099 1381 ita
1122 1303 1382 1404 philosophari
1402 1299 1539 1400 coepit,

208 1407 316 1514 quast
330 1429 446 1486 nemo
464 1413 554 1482 ante
575 1427 666 1485 eum
692 1405 785 1486 esset
806 1403 1022 1507 quidquam
1052 1419 1230 1500 conatus.
1284 1402 1544 1505 corpuscula·

208 1535 294 1592 rem
308 1524 436 1590 tamen
452 1501 736 1606 Philosophiam
756 1503 888 1606 elegit.
941 1506 1139 1606 Triplices
1156 1506 1393 1608 particulas:
1419 1505 1543 1602 sabulo

208 1637 375 1713 nempe,
392 1611 531 1716 globosis
556 1606 594 1685 δι
620 1614 730 1712 crafflts
759 1607 859 1688 dixit
881 1604 957 1685 esse
980 1607 1104 1686 totius
1131 1607 1303 1687 universi
1332 1613 1540 1689 elementa

211 1719 280 1796 tlh.
299 1748 324 1794 t.
345 1723 482 1818 Princlp.
501 1737 591 1788 num.
607 1740 663 1798 η.
719 1717 797 1790 Has
811 1725 947 1792 autem
966 1711 1174 1807 particulas
1196 1737 1217 1786 a
1238 1713 1428 1809 Creatore
1445 1709 1539 1788 Deo

210 1818 262 1898 ita
279 1816 354 1896 esse
372 1817 580 1908 formatam
607 1829 677 1911 ut,
703 1837 795 1892 cum
814 1812 854 1890 in
881 1810 1101 1892 Creationis
1128 1811 1241 1893 initio
1268 1811 1404 1892 omnes
1431 1811 1540 1888 cubi*

212 1946 296 2000 cam
315 1915 482 2019 figuram
499 1913 712 2016 haberent,
741 1913 874 2016 postea
892 1909 1051 1991 immisso
1069 1913 1109 1992 in
1130 1937 1193 1993 eas
1213 1934 1340 2016 motu,
1358 1931 1422 1993 tan
1455 1935 1544 1989 uam

210 2020 385 2103 vortices
411 2019 516 2096 circa
544 2015 608 2094 sua
634 2015 793 2116 propria
819 2029 954 2095 centra
981 2031 1273 2112 moverenturt
1309 2013 1434 2120 rapidi
1468 2035 1548 2091 tmo

211 2125 345 2208 rursus
363 2121 441 2200 hoc
460 2115 594 2200 attritu
611 2117 774 2218 angulos
789 2120 985 2200 cuborum
1001 2117 1112 2200 suisse
1131 2119 1378 2218 confractos,
1403 2116 1442 2196 dt
1457 2115 1548 2194 aliae

211 2227 375 2332 ,quidem
406 2220 598 2299 emerstsse
621 2219 829 2318 particulas
862 2219 1156 2325 pyramidales,
1194 2224 1282 2300 alias
1311 2220 1546 2321 sphaericas,

213 2329 300 2411 alias
320 2323 489 2420 striatas,
517 2343 613 2421 quae
639 2343 781 2421 nempe
809 2321 1012 2405 intervalla
1036 2324 1244 2426 globorum
1268 2323 1454 2404 ramentis
1480 2319 1550 2398 mi-

212 2427 413 2512 nutiffimis
433 2423 663 2535 explerent..
708 2424 776 2502 Ad
797 2425 908 2516 haec„
934 2429 1071 2520 aptltill
1082 2430 1270 2527 pyramidali
1286 2428 1354 2509 seu
1371 2439 1456 2532 ignea
1473 2443 1549 2502 mal

212 2533 312 2616 teria
327 2527 366 2608 in
393 2528 684 2609 circumrotatis
718 2524 941 2610 vorticibus
965 2545 1149 2612 centrum
1176 2529 1304 2609 voluit
1329 2528 1548 2626 occuparit

209 2629 502 2732 atmosphae'ram
522 2621 689 2708 vorticis
707 2651 727 2704 a
737 2631 860 2732 globosa
875 2647 1008 2712 materia
1024 2633 1092 2712 seu
1105 2641 1218 2712 a'erea
1236 2659 1248 2736 3
1285 2629 1331 2711 ad
1350 2650 1550 2710 extremos

212 2760 312 2820 vero
326 2730 427 2811 fines
443 2731 611 2844 vorticis
629 2731 828 2810 materiam
847 2737 977 2836 craffltm
997 2737 1066 2814 seu
1083 2759 1215 2812 terream
1240 2733 1422 2836 propelli.
1477 2730 1553 2812 Vi·-

214 2835 298 2922 deri
319 2849 447 2914 autem
469 2835 582 2913 nobts
597 2833 697 2912 hanc
720 2835 874 2914 crassam
893 2839 1089 2916 materiam
1107 2835 1186 2914 else
1205 2835 1287 2912 aliis
1309 2835 1549 2936 graviorem,

211 2967 294 3023 non
324 2936 433 3038 quod
456 2932 618 3038 gravior
641 2955 783 3012 revera
807 2936 887 3036 fit,
924 2937 990 3015 sed
1019 2935 1131 3039 quod
1158 2935 1441 3036 languidiorem
1468 2934 1550 3014 vim

209 3039 469 3137 centrisupam
491 3039 655 3133 habeat,
681 3051 803 3138 atque
822 3061 843 3113 a
861 3036 1085 3136 perniciore
1101 3036 1400 3117 materiasubtili
1420 3039 1547 3142 &gloz

211 3145 306 3240 bosa¹
319 3140 500 3221 deorsum
525 3136 722 3220 trudatur.
776 3139 921 3218 Centra
945 3141 1143 3224 vorticum
1173 3139 1248 3220 esse
1277 3159 1460 3243 tanquam
1472 3146 1547 3235 [oses

209 3249 410 3342 lucentes,
438 3265 608 3346 quorum
629 3239 753 3340 major
771 3255 916 3319 vortex
933 3240 1107 3323 minores
1123 3241 1354 3344 absorpserit
1370 3269 1409 3320 v.
1426 3269 1462 3346 g.
1483 3249 1545 3320 Sa·

208 3357 290 3427 turni
309 3359 451 3423 vortex
468 3345 644 3424 vortices
663 3341 842 3446 quinque
852 3343 1043 3444 satellitum:
1068 3369 1154 3424 terra
1168 3350 1302 3443 lunam3
1331 3369 1466 3425 omnes
1479 3369 1545 3422 au-

211 3469 292 3530 tem
311 3469 400 3522 cum
422 3469 508 3542 ttrra
525 3451 697 3547 planetas
705 3449 768 3547 ω.
822 3451 1022 3535 &tentonem
1047 3447 1085 3526 dt
1106 3456 1273 3525 materiam·
1294 3448 1362 3528 seu
1393 3467 1543 3546 corpus

213 3548 288 3630 else
314 3545 450 3625 eadem
476 3547 604 3642 dixit3
631 3543 724 3624 hinc
751 3543 946 3627 inficiatus
974 3549 1054 3627 est:
1083 3547 1164 3627 dati
1186 3547 1291 3649 posse
1315 3579 1448 3624 oactsum
1474 3546 1541 3626 seu

210 3647 478 3732 extensionem
498 3651 577 3730 fine
598 3669 783 3745 corpore.
837 3649 993 3728 Credat
1009 3649 1098 3728 haec
1123 3650 1273 3749 omnia,
1304 3652 1374 3751 qui
1398 3650 1508 3729 volet
1526 3675 1539 3752 3

208 3753 303 3832 mihi
329 3751 418 3828 sane
442 3769 643 3854 nunquam
670 3747 997 3853 persuadebitur,
1026 3765 1175 3830 motum
1204 3749 1372 3847 partium
1398 3752 1541 3854 prima-

206 3881 295 3934 rum
315 3851 541 3932 cubicarum
562 3849 667 3932 circa
677 3869 881 3950 centrum,
902 3871 1110 3956 antequam
1129 3849 1349 3934 subtiliores
1368 3853 1543 3957 particu-

209 3961 261 4037 lae
280 3953 480 4034 attritione
496 3953 615 4034 essent
635 3953 873 4054 modestae,
930 3975 998 4031 uae
1021 3955 1137 4053 spatia
1153 3955 1386 4037 intermedia
1412 3957 1545 4054 reple:

209 4059 371 4154 vislent,
398 4072 566 4154 motum,
586 4055 761 4158 inquam,
780 4055 886 4134 illum
902 3983 990 4136 deri
1006 4057 1171 4160 potuisse
1192 4058 1273 4138 stne
1289 4089 1400 4139 vacuo.
1456 4061 1538 4136 No-

210 4185 262 4236 vo
279 4161 372 4238 item
393 4159 557 4238 invento
572 4160 675 4234 letto·
686 4157 760 4238 esse
780 4181 887 4234 mera
903 4163 1076 4246 αὐτόματα
1094 4161 1161 4239 seu
1176 4173 1363 4240 inanimatas
1378 4167 1536 4241 machinas

213 4259 393 4359 opinatus
408 4263 463 4342 est
483 4291 493 4340 t
518 4259 694 4370 nihilque
712 4285 732 4342 a
751 4259 890 4446 oostgs
915 4261 1084 4342 senstbus
1100 4281 1250 4370 ptaeter
1266 4263 1416 4346 motum
1436 4261 1473 4338 dt
1489 4261 1537 4338 fi.·

235 4419 237 4428 l
904 4385 926 4467 3
1421 4385 1491 4464 gu.
