3900 4956
449 501 498 585 82
976 495 1190 573 secmorrs
1216 491 1249 570 I.

398 681 531 756 locum
550 675 790 756 mensurare.
843 676 913 754 His
937 675 1064 758 addia
1087 675 1303 779 Theologis
1333 675 1427 756 solet
1449 683 1651 778 immeantis,
1668 685 1738 764 seu

398 779 610 860 Praesentia
627 779 688 857 illa
709 774 996 859 admirabilis&
1022 779 1205 879 infinita,
1234 803 1311 882 qua
1335 779 1450 858 Deus
1471 783 1622 886 ubique
1648 785 1734 884 est3

401 879 451 962 de
473 907 549 986 qua
568 881 730 962 uberius
745 882 788 961 in
802 882 1064 988 Metaphysrca
1086 879 1226 984 agitur.

252 992 325 1064 Tem
347 1017 383 1067 us
496 989 529 1086 s.
546 1009 610 1085 74.
638 983 807 1062 Nomine
828 993 986 1094 Temporis
1003 981 1174 1086 generali
1194 979 1360 1084 quadam
1377 980 1541 1062 notione
1558 983 1737 1086 intelligi·

221 1009 345 1192 quid?
400 1111 486 1167 mus
498 1089 693 1190 fitcccfflvam
707 1089 883 1165 durationis
904 1091 1130 1187 carroficum,
1155 1089 1347 1196 compostum
1370 1113 1408 1158 etr
1427 1083 1598 1190 partibus,
1629 1091 1736 1162 ordine

390 1191 450 1296 fibi
460 1187 689 1292 fitccedmtibus
708 1218 720 1286 3
747 1191 845 1266 Nam
860 1213 998 1296 tempora
1017 1188 1054 1264 da
1063 1199 1165 1292 spana
1182 1185 1270 1262 sunt
1288 1185 1527 1281 suiipsorum
1543 1187 1582 1264 δι
1599 1211 1736 1270 rerunt

401 1292 576 1370 omnium
592 1287 718 1366 veluti
736 1291 824 1368 ioca
844 1317 854 1366 a
884 1297 1017 1398 Tempus
1035 1289 1226 1368 rationem
1244 1285 1322 1364 loci
1337 1287 1453 1364 habet
1503 1289 1607 1369 uoad
1628 1290 1735 1369 ordi-

400 1415 492 1471 nem
511 1386 793 1490 succeffionis3
819 1399 959 1506 spatium
985 1412 1085 1467 vero
1111 1386 1241 1492 quoad
1270 1387 1449 1467 ordinem
1473 1317 1564 1470 irtus
1592 1417 1735 1492 corpo-

398 1517 488 1571 rum
503 1495 736 1572 locatorum.
792 1489 1095 1573 Discriminatur
1120 1514 1238 1595 tempus
1255 1488 1294 1566 in
1311 1491 1477 1586 absolutum
1497 1491 1534 1568 d·
1553 1501 1745 1571 relativum.-

404 1603 535 1702 Tempus
557 1596 747 1696 obsianum,
775 1621 885 1673 oerum
921 1595 959 1672 δι
983 1597 1237 1669 mathematicum
1260 1591 1335 1692 est,
1364 1595 1428 1698 ipsa
1449 1599 1606 1684 existentia
1628 1625 1735 1673 rerum

399 1711 606 1787 continuatio.
626 1713 720 1797 quae
738 1717 938 1800 nunquam
955 1695 1124 1774 celerius
1140 1707 1206 1772 aut
1219 1691 1389 1794 tardius,
1407 1693 1472 1773 sed
1489 1694 1630 1774 eodem
1640 1696 1739 1776 sem-

400 1823 475 1901 per
492 1817 632 1877 tenore
657 1798 761 1898 quast
785 1799 884 1875 fluit.
937 1802 1026 1874 Hoc
1053 1821 1187 1894 tempus,
1219 1794 1392 1875 seuhaec
1418 1819 1552 1876 rerum
1578 1797 1734 1878 duratio

402 1927 484 1981 non
505 1902 623 2000 magis
646 1923 665 1974 a
687 1915 797 1977 motu
821 1921 1036 1998 corporum
1064 1895 1290 1995 dependet,
1333 1921 1449 1999 quam
1472 1924 1492 1975 a
1511 1897 1646 2002 quiete
1666 1925 1735 1979 eo-

400 2023 519 2102 rum3
546 2001 664 2078 cesset
693 2003 797 2079 enim
832 2000 959 2078 omnis
986 2023 1122 2078 rerum
1147 2013 1305 2093 motus,
1333 1997 1441 2095 juxta
1459 2023 1576 2103 quem
1592 2001 1736 2103 suppu-

396 2117 479 2181 tare
498 2113 653 2202 tempus
669 2099 972 2199 consuevimus,
1002 2097 1163 2179 deficiet
1191 2095 1353 2198 quidem
1372 2098 1646 2180 determinatio
1663 2100 1736 2182 du·

397 2201 560 2284 rationis
579 2227 739 2303 rerum,
758 2229 839 2284 non
858 2217 986 2280 tamen
1006 2201 1083 2301 ipsa
1101 2200 1255 2279 cessabit
1271 2223 1404 2278 rerum
1425 2203 1580 2285 duratio
1600 2259 1614 2302 ,
1640 2227 1735 2305 quae

400 2307 516 2384 etiam
545 2303 583 2382 in
604 2328 742 2382 rerum
773 2304 950 2382 omnium
974 2301 1109 2406 quiete
1137 2301 1313 2402 persistit.
1366 2306 1426 2382 Ex
1449 2331 1530 2406 quo
1557 2319 1732 2406 apparet,

401 2403 674 2484 definitionem
698 2417 851 2504 Temporis
871 2405 916 2481 ab
942 2409 1088 2504 Aristotele
1110 2403 1255 2482 allatam
1281 2405 1358 2483 [tt.
1378 2431 1412 2504 4.
1446 2413 1636 2506 Pspficorum
1654 2417 1734 2512 Cap.

404 2517 463 2584 16.
483 2527 563 2583 sext.
588 2526 611 2603 7
637 2535 645 2583 t
673 2507 800 2598 α’ςιθμός
829 2511 968 2586 aerisaut
995 2509 1085 2578 tacti
1104 2507 1139 2576 ri
1167 2515 1311 2598 πρότερον
1336 2511 1478 2610 'gimpae
1504 2535 1648 2584 numam
1665 2537 1733 2584 mo.

400 2607 738 2714 russccundumprtus
754 2611 976 2712 capotenus,
1007 2627 1087 2682 non
1116 2603 1222 2700 posse
1237 2631 1310 2678 uero
1335 2619 1465 2710 tempori
1484 2607 1733 2712 convenire3

399 2707 601 2792 Describit
622 2707 771 2826 quippe
787 2705 875 2785 hoec
893 2702 1073 2784 definitio
1091 2707 1263 2808 menfimm
1283 2729 1355 2804 pro
1375 2737 1408 2784 re
1425 2709 1617 2800 mensurna,-
1642 2735 1734 2789 cum

402 2827 533 2890 motus
565 2829 698 2912 potrus
724 2807 804 2888 dici
834 2807 975 2888 debeat
1005 2813 1146 2902 mensura
1180 2815 1250 2882 vert
1275 2820 1420 2907 temporis
1436 2865 1447 2904 ,
1477 2833 1593 2912 quam
1617 2833 1738 2924 tempus

402 2912 580 2992 mensura
597 2914 742 2992 motus.

510 3023 640 3118 Tempus
656 3021 829 3106 relativum,
846 3019 972 3114 uulgare
988 3013 1027 3090 δι
1049 3035 1200 3116 apparant
1222 3007 1277 3085 est
1324 3009 1449 3088 uaevis
1473 3013 1651 3090 mensura
1668 3037 1737 3091 ex-

406 3111 571 3192 terna&
596 3111 779 3189 sensibilis
798 3111 1078 3209 durationum,
1101 3109 1186 3184 srve
1211 3037 1389 3188 mensura
1419 3113 1482 3191 illa
1509 3111 1735 3214 exactam,

406 3213 487 3293 five
504 3235 585 3290 non
604 3211 703 3290 adeo
720 3233 756 3289 ae
787 3210 947 3308 uabilis,
969 3229 1015 3289 ut
1035 3231 1175 3307 annus,
1195 3209 1351 3312 mensis,
1370 3213 1466 3310 dies,
1486 3214 1596 3315 hora,
1614 3219 1740 3297 minu·

407 3333 492 3395 tum
510 3339 521 3408 ς
573 3239 850 3415 Ideoqueioc
864 3315 1157 3416 rempusretattoum
1171 3333 1252 3390 non
1269 3325 1344 3392 tam
1363 3327 1517 3416 tempus
1537 3319 1606 3416 est,
1619 3345 1738 3421 quam

407 3415 588 3496 mensura
605 3415 795 3517 temporis
813 3413 932 3493 certis
950 3413 1094 3492 finibus
1112 3409 1367 3493 determinata
1384 3443 1395 3510 ς
1423 3416 1560 3519 estque
1576 3423 1738 3501 omnino

407 3515 625 3600 distinetum
644 3545 664 3596 a
680 3547 751 3595 vero
770 3539 901 3614 tenpore
921 3546 929 3592 :
956 3515 1032 3592 hoc
1049 3513 1151 3592 enim
1170 3517 1353 3618 aequabili
1364 3517 1514 3618 semper
1530 3520 1739 3624 fluxupro·

408 3617 609 3726 greditur,
638 3617 734 3699 illud
753 3617 963 3696 accelerari
983 3616 1108 3715 potest
1127 3635 1172 3692 ac
1199 3617 1412 3718 retardari,
1440 3619 1497 3698 uti
1514 3645 1655 3702 revera
1669 3649 1740 3724 pe-

407 3719 569 3802 ritiffimi
592 3718 821 3799 Astronomi
839 3721 1048 3816 testantur,
1077 3715 1162 3796 dies
1193 3723 1386 3800 naturales
1415 3721 1466 3799 ob
1495 3739 1644 3804 motum
1663 3731 1743 3826 pia-

409 3837 587 3903 netarum
616 3835 864 3922 apparentem
892 3818 1192 3921 &inaequalem
1223 3819 1300 3898 eise
1335 3822 1480 3924 pariter
1507 3825 1739 3928 inaequaies.

411 3920 543 4020 Coepit
561 3934 686 4000 autem
716 3941 871 4026 tempus
901 3919 1109 3998 exordium
1133 3942 1225 3998 cum
1252 3919 1329 4022 ipsa
1352 3947 1486 4003 rerum
1514 3933 1744 4034 creatione,

411 4025 573 4124 simplex
594 4025 741 4136 quippe
758 4019 1051 4105 &indivisibilis
1076 4021 1297 4124 aeternitas,
1325 4049 1410 4127 qua·
1427 4027 1539 4106 Deus
1564 4049 1652 4110 ante
1679 4057 1744 4112 re-

410 4149 500 4205 rum
517 4148 692 4203 ommum
712 4123 1013 4224 produstionem
1028 4124 1172 4222 extitit,
1194 4127 1382 4226 temporis
1401 4129 1544 4209 habere
1563 4151 1744 4218 naturam

410 4253 491 4310 non
505 4226 657 4332 potest,
685 4241 730 4306 ut
745 4225 786 4308 in
803 4223 1062 4332 Metaphysrca
1077 4225 1252 4306 dicetur.·

1578 4335 1687 4438 sos·
