3792 4958
202 475 1302 564 exacuenxvr.Dauacuxmcxacutoncm.
1352 499 1427 578 217

155 669 222 749 seu
248 667 451 768 ligneum,
477 667 544 746 seu
569 661 832 766 metallicum,
858 665 967 762 cuius
985 681 1152 770 pavitare
1182 695 1320 772 centnm
1344 673 1386 753 in
1412 673 1477 776 D,
1500 691 1640 763 Varum

155 767 317 870 (habita
349 765 535 848 nimirum
560 764 712 846 ratione
746 763 865 847 solius
900 766 991 845 coni
1017 769 1224 872 truncati)
1256 771 1346 873 quia
1372 797 1473 854 vero
1495 797 1591 860 centri

153 869 235 970 ipse
252 865 401 948 fundus
426 873 503 947 AG
521 867 683 971 quadam
704 867 828 967 pollet
853 867 1037 963 gravitate
1057 891 1069 966 3
1096 867 1189 948 hinc
1211 883 1378 980 gravium
1407 906 1478 951 cen·
1490 895 1656 988 gravitatis

153 995 241 1047 rrum
268 967 501 1066 deprimitur
525 969 650 1072 usque
674 966 716 1048 in
736 968 782 1048 E.
832 969 936 1046 Tum
953 966 1023 1048 ubi
1041 994 1108 1048 vas
1133 969 1207 1050 hoc
1227 999 1322 1073 aqua
1342 973 1478 1078 imple·
1500 969 1576 1061 rat.
1598 987 1654 1064 rr.

152 1081 235 1149 tum
263 1069 402 1170 suerit,
429 1093 515 1147 cum
532 1074 655 1172 major
678 1070 724 1148 fit
741 1067 839 1148 vasu
856 1065 1021 1152 latitudo
1044 1067 1088 1150 in
1110 1076 1210 1171 AG,
1233 1097 1349 1188 quam
1378 1079 1481 1250 1303
1500 1089 1609 1190 &pu

9 1230 14 1267 ,
155 1165 342 1248 abscedet
350 1185 657 1273 fmrrumgravuau't
673 1191 793 1286 porro
809 1160 1061 1284 profundius,
1075 1171 1227 1274 eritque
1242 1199 1283 1250 rn
1294 1179 1335 1252 F.
1362 1183 1452 1280 Quo

155 1269 183 1346 st
214 1271 290 1368 jam
317 1268 396 1346 axis
420 1268 461 1346 in
485 1277 544 1367 H,
570 1267 701 1370 medio
728 1293 914 1350 mmuum
943 1271 1047 1350 inter
1071 1285 1279 1374 utrumque
1305 1293 1483 1355 centrum

155 1371 246 1482 Ede
264 1372 297 1445 F
317 1369 427 1468 loco,
452 1369 578 1483 spirit.
593 1367 845 1486 constitutus,
872 1371 1130 1484 suspendetur
1154 1400 1220 1453 vas
1244 1379 1414 1472 ABOG
1438 1395 1484 1451 ea

155 1489 293 1547 rarone
312 1465 358 1546 ad
382 1470 664 1570 aequrlrbrrum,
689 1483 731 1546 ut
754 1471 953 1552 orificium
979 1479 1048 1555 BC
1074 1473 1255 1554 deorsum
1272 1472 1485 1572 ,fundum

10 1628 15 1649 .
156 1583 281 1650 autem
308 1569 386 1645 AG
409 1569 551 1648 sursum
574 1567 806 1667 protendat:
834 1571 961 1654 hausta
981 1597 1053 1675 per
1071 1577 1286 1688 aperturam
1313 1575 1485 1678 superio·
1590 1611 1597 1624 ·

9 1686 17 1734 t
155 1665 370 1748 remBCad
381 1665 663 1768 plenitudinem
678 1693 788 1843 apua,
798 1670 904 1751 srtum
922 1671 1108 1776 immutet,
1116 1675 1352 1777 inversoque
1371 1674 1487 1754 deor-

9 1795 10 1802 *
156 1772 236 1850 sum
263 1763 388 1848 fundo
418 1772 527 1866 AG,
553 1781 678 1868 aptum
722 1784 751 1849 rt
772 1788 910 1945 aguam*
934 1775 1107 1854 altiffime
1133 1775 1298 1856 elevare.
1376 1772 1485 1856 sit&

10 1904 15 1927 ·
156 1894 223 1948 vas
239 1869 400 1946 alterum
433 1869 601 1962 CDEF,
626 1867 786 1948 coni'iti
817 1894 878 1946 em
909 1877 1073 1952 truncati
1101 1875 1227 1973 figura
1252 1876 1486 1980 praeditum,
1508 1885 1581 1962 Ταῦ.
1607 1891 1659 1966 Xl.

154 1991 200 2048 ea
218 1983 346 2046 tamen
366 1990 453 2081 cum
477 1965 723 2084 diversitate,
745 1983 787 2049 ut
812 1972 852 2048 in
873 1971 1041 2086 largiore
1069 1975 1257 2056 diametro
1279 1981 1357 2060 DE
1376 1998 1484 2088 aper3
1503 1991 1605 2092 &pp

154 2084 235 2147 tum
259 2067 306 2148 fit
335 2095 343 2141 e
370 2093 411 2144 rn
441 2068 623 2149 breviore
647 2083 775 2148 autem
803 2076 870 2152 CF
903 2090 1098 2154 contrneat
1122 2075 1300 2155 fundum.
1355 2083 1484 2158 Vacur

155 2169 270 2268 hujus
284 2167 380 2247 vasis
392 2175 563 2272 gravium
584 2191 723 2244 centrum
742 2172 798 2250 est
813 2176 880 2269 ·K;
908 2171 1059 2273 impleti
1079 2173 1175 2252 valis
1193 2175 1249 2254 est
1270 2182 1326 2270 ῦς
1364 2173 1483 2291 Quod

11 2303 12 2328 ι
156 2268 185 2347 sr
213 2266 337 2366 igitur
358 2295 422 2347 vas
452 2267 665 2348 exhibitum
691 2271 833 2351 CDEF
869 2295 918 2349 ex
942 2295 1011 2351 axe
1036 2273 1077 2352 in
1103 2281 1174 2374 H,
1197 2273 1352 2359 deleilo
1379 2289 1483 2355 rnter

155 2385 367 2468 utrumque
389 2375 564 2448 centrum
589 2365 731 2449 Gtzlt
758 2370 914 2470 medio,
933 2373 1213 2474 suspendatur:
1239 2375 1333 2477 fiet,
1358 2391 1399 2456 ut
1421 2381 1485 2454 vass
1603 2369 1605 2375 ’

16 2497 18 2507 ¹
156 2489 276 2548 cuum
291 2467 451 2570 quidem
471 2467 601 2549 hiante
623 2468 770 2551 sursum
795 2475 1065 2572 apertura-DE
1085 2475 1292 2574 consistat}
1318 2489 1397 2558 tum
1415 2475 1483 2555 ubi

155 2568 228 2644 hac
249 2565 291 2646 in
308 2587 486 2672 apertura
505 2571 581 2650 DE
596 2592 731 2672 aquam
750 2569 797 2648 ad
816 2573 1100 2672 plenitudinem
1120 2575 1341 2675 exceperit,
1367 2577 1406 2655 se
1424 2577 1481 2655 in·
1605 2581 1607 2586 ’

155 2681 305 2848 perget,
331 2693 374 2748 ac
393 2671 518 2749 fundo
545 2673 608 2750 CF
628 2669 774 2751 sursum
800 2689 1055 2777 emergente,
1079 2701 1212 2779 aquam
1231 2677 1402 2756 haustam
1430 2677 1485 2755 el-

172 2794 228 2852 un
261 2781 306 2845 at.

12 2959 13 2962 p
106 2893 110 2900 ·
261 2871 292 2967 §-
307 2884 390 2964 256.
415 2868 545 2949 Nolim
555 2873 731 2969 putetis,
755 2870 945 2947 recensita
967 2893 1057 2948 mox
1081 2873 1340 2970 phaenomena
1359 2869 1406 2948 ad
1421 2897 1486 2952 va·

156 2993 209 3050 na
226 2963 412 3047 duntaxat
430 2967 712 3050 obleilamenta
730 2968 957 3070 oculorum,
983 2983 1020 3048 at
1047 2993 1098 3050 ue
1124 2969 1170 3048 ad
1186 2970 1340 3050 inutilia
1356 2974 1485 3055 curio-

158 3067 279 3148 sitatis*
297 3069 396 3170 asyla
422 3065 496 3147 elle
522 3068 765 3170 ableganda,
798 3091 962 3171 quorum
986 2997 1073 3151 ulirs
1098 3069 1340 3151 Mechanicae
1369 3089 1485 3176 atque

158 3165 412 3271 Hydraulicae
441 3169 691 3250 multifariam
716 3169 897 3251 deservit.
966 3173 1104 3252 Refert
1128 3171 1205 3273 Defie
1246 3179 1318 3252 liers
1343 3181 1417 3254 scil.
1444 3185 1486 3253 11.

159 3269 334 3348 nobilem
349 3270 564 3370 quempiam
578 3271 619 3350 in
630 3270 830 3374 Hybernia
845 3273 1024 3354 vasorum
1043 3274 1178 3374 sponte
1213 3295 1235 3350 e
1250 3277 1484 3355 vertentium

159 3391 259 3477 ope,
286 3369 498 3448 machinam
518 3371 790 3470 construxilse,
815 3396 890 3471 qua
907 3395 955 3449 co
983 3373 1102 3453 iotam
1125 3399 1257 3474 aquam
1281 3373 1328 3450 ad
1349 3401 1401 3471 40
1421 3371 1486 3473 pe·
1599 3419 1604 3432 ·

161 3469 253 3550 dum
278 3469 520 3551 altitudinem
544 3472 676 3584 paucis
701 3495 791 3554 cum
815 3402 997 3571 impeniis
1028 3474 1203 3552 elevavit.
1263 3479 1387 3574 Super
1414 3491 1484 3550 axe

158 3575 290 3654 Eceu
307 3571 580 3676 hypomochlro
605 3570 933 3672 vertiturveitis,
958 3572 998 3652 in
1026 3577 1135 3665 cuius
1162 3576 1280 3653 altera
1307 3573 1485 3650 extremi·
1506 3580 1580 3656 Tib.
1599 3589 1656 3674 lll.

159 3687 238 3754 tate
255 3675 311 3750 est
328 3671 482 3787 mpbile·
493 3697 558 3748 vas
573 3679 633 3770 A,
658 3669 699 3748 in
726 3668 844 3750 altera
865 3699 931 3752 vas
948 3675 987 3751 D
1004 3699 1016 3770 3
1052 3667 1252 3786 utriusque
1275 3671 1372 3751 vafis
1389 3677 1427 3751 A
1446 3673 1483 3751 dc
1501 3693 1563 3788 rig.
1575 3699 1609 3775 8.

5 3815 14 3873 ν,
161 3775 202 3854 D
223 3797 269 3849 ea
284 3773 339 3852 est
357 3773 534 3870 lrbratro,
559 3787 600 3852 ut
615 3797 779 3852 vacuum
797 3798 861 3850 vas
879 3773 919 3850 D
939 3797 1066 3852 vacuo
1084 3774 1162 3850 vali
1194 3780 1233 3852 A
1252 3769 1486 3872 praeponde-

163 3887 248 3953 ret:
303 3877 402 3952 Cum
427 3895 523 3950 vero
548 3899 614 3950 vas
637 3877 676 3950 A
702 3894 749 3948 ex
775 3871 895 3951 canali
922 3877 982 3948 B:
1010 3871 1046 3950 da
1071 3897 1137 3949 vas
1161 3877 1200 3952 D
1226 3900 1272 3951 ex
1290 3875 1423 3950 'canali
1449 3878 1482 3956 C

12 4043 15 4051 .
165 3973 272 4073 aquis
295 3975 513 4074 repleatur,
538 3985 618 4051 tum
643 3997 708 4050 vas
726 3979 763 4052 A
791 3970 970 4050 redditur
999 3971 1171 4072 gravius,
1197 3973 1420 4075 descendit,
1444 3977 1483 4056 dc

164 4099 236 4177 pro
254 4071 397 4172 figurae
415 4073 492 4151 suae
508 4071 661 4150 conicoe
679 4071 873 4170 exigentia
890 4071 931 4150 in
948 4078 983 4151 G
1001 4073 1216 4168 evertitur:
1244 4077 1403 4154 alterum
1422 4103 1485 4160 au-

9 4212 14 4231 ·
164 4187 242 4256 tem
258 4197 325 4255 vas
340 4175 381 4260 D
399 4171 587 4256 attollitur
601 4171 643 4256 in
661 4173 935 4364 H,E&eaquam
963 4187 1182 4260 contentam
1200 4175 1242 4264 iu
1264 4189 1484 4356 recepgffiu·
