3782 4958
10 1319 12 1414 l

10 1609 13 1698 l

10 2195 12 2276 l

1365 513 1438 594 297

479 593 1174 734 SECTIOII.

372 805 1264 1027 puisieux,

199 1119 282 1221 De
311 1075 677 1224 Particuliribus
687 1119 1032 1346 ffcgpipqiijs'
1069 1119 1429 1250 eorundemque

664 1284 687 1344 a
722 1283 746 1344 θ
788 1282 877 1346 toni
908 1283 974 1346 us.

261 1451 295 1528 Ε
324 1449 506 1550 Corpore
530 1447 573 1528 in
599 1449 834 1532 Universum
861 1447 989 1534 allum
1016 1450 1140 1534 estin
1167 1449 1348 1530 Sedlione
1376 1462 1482 1528 ante-

151 1467 255 1700 D
282 1548 479 1652 cedente3
508 1553 690 1632 constans
714 1551 785 1632 fibi
810 1552 927 1633 modo
952 1576 1084 1634 reruni
1104 1551 1205 1634 ordo
1229 1549 1414 1654 deposcit,
1437 1563 1485 1631 ut

281 1649 576 1732 Particulaiium
604 1656 851 1756 Corpoium,
873 1677 1020 1756 nempe
1037 1656 1332 1738 Elementorum
1344 1653 1485 1754 ‘vulga-

148 1753 252 1836 rium
277 1753 444 1832 Naturas
468 1765 581 1856 atque
605 1755 866 1858 Proprietates
891 1779 1098 1858 exponam.

482 1961 519 2054 P
548 1960 590 2050 R
619 1963 675 2050 AE
702 1961 738 2050 L
767 1961 806 2052 E
837 1963 873 2050 C
904 1959 945 2051 T
978 1963 1000 2050 I
1030 1961 1074 2050 O
1132 1959 1167 2049 l.

387 2110 449 2198 De
479 2109 678 2196 Elementis
707 2109 924 2217 vulgaribus
952 2111 991 2194 in
1028 2104 1256 2212 Universum.

95 2327 103 2342 ·
148 2311 178 2412 ς,
204 2327 288 2411 352·
304 2300 528 2480 Nomine
551 2307 776 2380 maenium
803 2299 1057 2404 intelligimus
1089 2323 1258 2402 corpora
1284 2299 1486 2408 simplicia,
1516 2335 1656 2410 mm.

168 2507 177 2524 ι
365 2505 373 2520 .
409 2425 458 2480 ex
483 2401 624 2522 quibus
650 2401 722 2482 alia
747 2404 862 2485 mixta
889 2423 1054 2502 corpora
1071 2420 1370 2504 componuntur.
1412 2411 1659 2536 numquid

148 2505 203 2589 lia
231 2531 253 2583 a
285 2507 552 2606 Peripateticis
572 2507 714 2608 paffiin
746 2519 912 2609 quatuor
944 2503 1178 2603 allignaiitur
1207 2508 1659 2640 (llum.XVIII.&qum.

11 2609 13 2626 '
145 2609 295 2726 Μαι.)
321 2627 463 2704 nempe
487 2616 581 2710 ignis,
608 2617 683 2708 Aer,
708 2605 874 2722 aqum&
903 2615 1030 2719 Tura,
1055 2607 1271 2724 vuluntque
1295 2607 1596 2743 Peripateppxp

11 2771 13 2806 ÷
148 2727 219 2790 tici
238 2721 405 2810 quatuor
426 2707 513 2788 haec
533 2709 738 2790 Elementa
754 2704 918 2786 differre
938 2729 1195 2808 aprincipiis,
1219 2720 1357 2790 Materia
1373 2735 1487 2792 nimi·
1585 2745 1588 2751 ·

11 2815 13 2874 ¹
147 2835 240 2892 ium
259 2807 296 2888 di
318 2815 451 2924 lumi,
477 2807 583 2910 quod
608 2815 748 2886 Materia
775 2807 811 2884 di
838 2816 949 2884 Forma
982 2829 1150 2913 corpora
1183 2810 1362 2890 nondum
1390 2809 1486 2913 smt,

146 2909 218 2996 sed
244 2907 442 3010 Principia
468 2931 517 2990 co
595 2934 681 2990 rum
710 2938 720 2986 ε
760 2905 967 2988 Elementa
999 2928 1099 2986 vero
1119 2933 1300 3009 „corpora
1324 2909 1485 3014 quideni

149 3014 248 3111 sint,
274 3032 322 3088 ex
347 3011 505 3110 materia
521 2934 719 3090 ¹gosuinia
746 3005 956 3108 composita
1012 3005 1078 3085 sed
1115 3006 1325 3127 simplicia,
1351 3014 1389 3094 di
1414 3014 1483 3096 ho·

148 3133 362 3214 mogeneas
378 3109 560 3194 duntaxat
577 3123 705 3214 partes
728 3107 929 3210 habentia,
956 3062 1109 3210 imque
1134 3111 1330 3216 Principia
1349 3115 1486 3196 secun·

148 3213 218 3314 da,
252 3210 294 3289 id
334 3211 391 3290 est
425 3213 618 3294 elementa
653 3235 864 3314 corporum
898 3211 1141 3314 mixtorum,
1167 3213 1489 3319 heterogeneisve

147 3313 325 3420 partibus
349 3313 615 3396 constantium.
1183 3409 1188 3418 .

254 3418 284 3516 l.
303 3437 387 3518 353.
416 3413 535 3518 Quod
561 3428 688 3498 autem
713 3413 872 3516 prorsus
889 3411 1080 3496 necessum
1105 3411 1175 3513 fit,
1197 3419 1485 3531 quaternarium
1515 3435 1657 3530 Arpm.

147 3517 224 3600 elle
251 3513 398 3594 debere
424 3514 530 3596 hunc
554 3519 852 3600 Elementorum
873 3537 1101 3615 numerum,
1127 3519 1373 3616 Peripatetici
1396 3541 1485 3596 cum
1498 3537 1539 3610 ιη
1560 3565 1641 3640 qu.

147 3625 301 3721 inflatile
333 3617 600 3720 pertendunt,
635 3617 693 3696 his
725 3613 939 3697 rationibus
981 3613 1144 3696 innixi:
1195 3621 1226 3696 I.
1253 3617 1370 3724 Quod
1397 3643 1571 3718 qua-mr
1591 3639 1643 3738 ‘ff‘

146 3739 239 3806 tuor
273 3718 348 3800 lint
376 3717 518 3821 primae
551 3718 751 3824 qualitates
784 3741 1025 3818 corporum,
1058 3741 1202 3816 nempe
1236 3727 1341 3816 calor,
1359 3725 1647 3825 pagenam„

137 3821 343 3931 ficium&
381 3823 590 3920 humidius,
622 3843 714 3925 quae
745 3833 912 3920 quatuor
948 3813 1112 3894 diversis
1146 3811 1273 3914 modis
1305 3820 1410 3902 inter
1444 3823 1611 3918 semm,

147 3921 364 4007 combinari
391 3921 557 4020 pollint3
585 3937 647 4006 aut
673 3917 779 3998 enim
816 3919 925 3998 calor
958 3937 1047 3996 cum
1085 3913 1255 3996 siccitate
1281 3923 1484 4040 conjungi·

146 4044 237 4127 tur,
259 4039 302 4104 ut
328 4021 374 4102 fit
400 4021 444 4106 in
470 4019 563 4124 igne
590 4052 599 4102 :
627 4034 688 4102 aut
714 4019 823 4100 calor
849 4041 935 4100 cuni
960 4013 1212 4122 humiditate,
1237 4023 1398 4106 utfitin
1422 4036 1484 4108 ad·

145 4153 193 4208 re
221 4155 232 4205 ε
259 4141 322 4206 aut
347 4124 474 4224 lrigus
515 4119 762 4207 consociatur
796 4143 883 4202 cum
920 4117 1173 4222 humiditate,
1207 4137 1250 4206 ut
1277 4123 1318 4204 in
1345 4153 1443 4230 aqua
1471 4161 1482 4212 t

145 4245 213 4314 aut
238 4223 398 4308 demum
424 4223 548 4327 liigui
573 4251 660 4310 cum
687 4223 875 4326 siccitate,
900 4234 945 4308 ut
981 4219 1024 4304 iii
1058 4235 1192 4334 terra5
1237 4225 1406 4332 ideoque
1433 4253 1484 4318 ex

742 4323 771 4415 l’
794 4347 822 4430 p
1357 4327 1433 4410 hac
