3900 4956
348 443 630 574 Drssnnrnrtso
651 485 704 563 II.
728 471 795 562 Da
810 482 1056 562 Consancro
1075 481 1190 563 llrsc.
1211 477 1334 562 Pura.
1457 499 1512 584 23

223 691 271 758 ut
292 676 555 760 diverfiffimas
574 673 614 751 in
629 667 792 748 senlibili
808 653 1115 748 'mondolormas
1128 665 1372 748 exhiberent.
1398 662 1560 768 thuo·

222 781 328 858 niam
343 783 476 860 Deum
503 775 624 854 totius
644 768 805 871 mundi,
827 793 1044 873 rerumque
1072 773 1248 849 omnium
1277 767 1439 848 animam
1458 773 1559 856 claro-

218 893 287 958 arcs·
306 879 381 962 elle
400 883 607 974 dixerunt,
636 871 862 956 debuerunt
892 895 1057 976 quoque
1074 872 1207 972 ideas,
1237 873 1277 954 in
1298 867 1430 952 divina
1451 893 1560 950 men·

221 996 263 1060 te
281 981 514 1082 existentes,
542 980 658 1060 rebus
675 976 910 1072 inexistere,
937 990 1058 1076 atque
1078 1001 1150 1076 per
1174 975 1304 1055 omnia
1334 973 1410 1052 elle
1441 971 1557 1051 diffo

221 1083 278 1163 sas
304 1084 497 1186 profiteri.
551 1077 703 1176 Vides,
767 1103 856 1156 uam
885 1077 1150 1157 Pantheismus
1180 1075 1376 1180 Principia
1400 1073 1556 1180 physica

221 1193 358 1264 floronis
385 1183 667 1266 deformaverit
696 1211 707 1261 r
740 1106 992 1258 declinarent
1025 1177 1124 1258 hanc
1154 1180 1296 1284 utique
1326 1178 1490 1275 labem,
1525 1175 1555 1256 li

221 1291 347 1377 πιχοῖα
368 1288 437 1366 seu
457 1298 620 1366 materiam
638 1285 679 1380 &v
691 1287 839 1360 elementa
866 1281 912 1357 ab
934 1286 1076 1380 efficime
1092 1292 1245 1388 principio
1258 1279 1428 1378 provide
1447 1280 1484 1357 δι
1501 1277 1556 1354 sa-

222 1384 381 1486 pienter
403 1384 680 1470 distinxillentr
708 1387 842 1466 Deum
865 1379 1045 1464 dixillent
1064 1381 1106 1460 in
1125 1381 1163 1460 se
1182 1381 1400 1478 infinitum,
1429 1382 1467 1459 δι
1485 1377 1562 1460 im.
1697 1447 1700 1452 .

219 1489 400 1568 mensum
424 1493 615 1584 existere,
643 1499 810 1568 caeteras
828 1505 894 1561 res
919 1481 994 1562 suis
1017 1484 1205 1568 duntaxat
1222 1483 1397 1581 partibus
1417 1481 1561 1562 defini·

224 1587 274 1666 ri.
325 1596 489 1671 Platonicis
509 1587 714 1694 plurimam
731 1601 889 1685 partem
917 1563 1198 1669 conlenserunt
1222 1586 1415 1690 Principia
1440 1593 1558 1664 aroter-

190 1717 192 1722 ·
219 1711 318 1790 rum,
345 1689 414 1772 nisi
433 1691 543 1798 quod
558 1690 596 1766 hi
616 1705 824 1789 perpetuas
841 1683 980 1784 mundi
1001 1688 1341 1766 dnonamrdsarseu
1358 1719 1391 1764 re
1410 1695 1558 1765 onerario-

218 1821 273 1872 οισι
290 1792 565 1890 admitterent,
593 1791 644 1872 ita
661 1805 708 1871 ut
726 1791 803 1868 hoc
823 1787 973 1866 mundo
1001 1813 1073 1890 per
1095 1787 1224 1890 ignem
1243 1719 1438 1870 destrutio
1459 1790 1555 1868 alius

218 1894 355 1972 rursus
377 1920 430 1975 ex
453 1897 539 1996 ejus
562 1893 778 1974 rationibus
804 1888 1050 1970 seminalibus
1075 1891 1302 1990 enascatur3
1333 1891 1403 1994 qui
1426 1905 1555 1971 tamen

221 2015 404 2076 unacum
424 1993 516 2078 Deo
534 1996 616 2092 ipso
635 1997 789 2093 semper
805 1999 906 2096 jaralt
921 1997 1080 2092 mrrffiratt
1097 1990 1293 2092 subjettus
1313 1992 1373 2071 srt.

227 2140 237 2159 ν
324 2103 479 2180 XVIII.
506 2101 572 2178 De
590 2101 751 2197 Arrfloreltr
768 2094 1204 2197 Peripateticorumque
1220 2093 1425 2194 Principiis
1450 2105 1728 2209 nuncArpnuls

178 2197 182 2203 ’
221 2198 487 2278 differendum
507 2199 589 2296 est,
617 2197 760 2375 guibon
784 2194 1004 2276 celebriora
1022 2218 1222 2298 nunquam
1243 2197 1487 2294 extiterunt,
1511 2195 1557 2273 sr-

222 2323 275 2376 ve
298 2300 588 2400 longitudinem
631 2297 764 2398 pestes
792 2297 1013 2399 temporis,
1042 2323 1119 2400 qua
1142 2297 1365 2380 floruerunt
1383 2297 1423 2377 in
1446 2297 1555 2376 scho-

222 2400 292 2498 lis,
318 2402 400 2478 five
425 2401 647 2480 alseclarum
670 2398 997 2500 multitudinem,
1027 2398 1356 2479 &haereditarias
1382 2399 1554 2499 pertina-

223 2503 387 2590 ciffimae
404 2504 529 2605 gentis
544 2502 645 2580 lites.
697 2505 861 2601 marks
878 2499 1034 2606 igitur,¹
1049 2523 1140 2580 cum
1159 2504 1367 2607 cogitaret,
1386 2502 1557 2582 elemen-

222 2620 286 2702 ta,
305 2629 369 2683 res
384 2603 635 2704 compositas,
645 2627 788 2700 nempe
805 2617 917 2709 gnam,
933 2625 1047 2690 aerem,
1060 2634 1177 2709 aquam
1195 2607 1232 2685 ἃ
1249 2628 1366 2686 terram
1382 2629 1455 2704 pro
1468 2601 1555 2781 ¹pri-

178 2717 180 2722 ’
222 2705 296 2784 mis
314 2731 448 2786 rerum
468 2705 794 2786 constituentibus
813 2705 1014 2808 principiis
1040 2705 1188 2785 admitti
1209 2707 1441 2810 nonpolle,
1484 2731 1553 2784 rm·

252 2805 390 2886 liciora
414 2806 693 2906 excogitavit,
718 2830 887 2906 nempe:
916 2819 1080 2884 materiam
1094 2871 1105 2904 ,
1119 2814 1270 2911 sormam¹
1289 2810 1553 2938 &privationem

221 2835 290 2989 fib.
317 2931 354 2986 1.
380 2909 532 3015 Physrc.
562 2933 646 3009 cap.
667 2926 713 2986 -σ,
738 2931 777 3004 7.
804 2921 839 2996 8.
871 2919 1032 2992 narratam
1061 2906 1113 2985 fic
1139 2907 1305 2994 definit:
1331 2909 1434 2991 μηθ’
1450 2907 1551 2985 a‘oenb

220 3015 308 3104 prin
328 3021 387 3084 cl,
413 3017 496 3104 pria-a
523 3013 635 3082 πόσον,
664 3012 746 3101 petire
772 3007 844 3082 aimo
871 3010 966 3097 μηδὲν
990 3015 1139 3102 λέγεται,
1164 3009 1206 3083 ire
1230 3009 1337 3108 ‹i'freer
1368 3011 1461 3083 riri.
1486 3036 1554 3112 qua

156 3195 160 3201 ,
218 3135 276 3215 per
292 3111 422 3216 seiplrm
448 3123 546 3214 neque
570 3109 653 3218 qaid
665 3165 677 3204 ,
701 3137 797 3214 neque
827 3129 982 3212 quantum
1003 3135 1098 3212 neque
1124 3112 1216 3187 aliud
1233 3114 1397 3220 quidpiam
1424 3109 1554 3196 dicitur,

223 3213 332 3314 quibos
349 3243 400 3289 rm
414 3215 650 3290 determinatur.
675 3209 761 3289 Lib.
783 3231 820 3309 7.
841 3209 1012 3305 Metaph.
1034 3213 1127 3313 Cap.
1149 3233 1187 3312 3.
1222 3213 1365 3294 Voluit
1395 3211 1554 3290 uehanc

174 3401 176 3408 y
222 3325 387 3388 materiam
404 3311 481 3394 elle
498 3307 1106 3411 substantiamindeterminatam,
1123 3315 1169 3392 ab
1190 3329 1359 3414 aeterno,
1420 3333 1554 3414 eoque

222 3434 400 3492 coaevam
421 3413 608 3514 existere,
636 3417 844 3494 reformas
863 3436 1001 3492 omnes
1026 3435 1239 3514 corporeas
1258 3417 1423 3522 quadam
1441 3428 1552 3494 natu·

182 3597 184 3601 ,
220 3537 282 3593 rae
303 3513 525 3596 neceffitate
552 3517 592 3593 in
618 3539 665 3592 ea
685 3515 803 3619 gigni.
857 3522 1000 3592 trentam
1024 3537 1160 3620 vero,
1205 3542 1295 3596 narn
1323 3535 1432 3596 'novo
1461 3541 1552 3614 pen·

222 3617 424 3718 plenoque
441 3618 636 3696 vocabulo
657 3619 855 3709 ὲνηλεχάαν
877 3617 1115 3719 nominavit,
1136 3545 1218 3697 elge
1236 3617 1363 3697 altum
1383 3617 1552 3696 substan-

220 3718 351 3798 tialem
362 3773 377 3833 ,
406 3718 519 3816 cujus
536 3719 582 3797 fit
604 3741 719 3820 agere
730 3775 743 3813 ,
768 3735 886 3819 atque
905 3718 952 3797 ad
973 3735 1125 3818 certum
1142 3718 1242 3799 entis
1256 3718 1417 3799 modum
1434 3735 1554 3800 mate-

219 3821 315 3899 riam
331 3819 596 3921 vdrversrmode
611 3819 844 3921 restringere
863 3849 875 3922 3
904 3837 1014 3900 extra
1028 3840 1157 3900 tamen
1170 3821 1367 3900 materiam
1386 3822 1552 3904 existere

219 3925 322 4005 haud
341 3921 462 4026 polle,
487 3921 668 4004 hodierni
702 3921 950 4024 Peripatetici
983 3920 1281 4024 pertinaciffime
1306 3923 1546 4028 depugnant.

220 4038 360 4104 ruberto
379 4047 477 4104 vero
495 4036 615 4121 etnam
639 4049 688 4104 ex
704 4041 837 4104 mente
862 4022 1086 4104 Aristotelis
1112 4024 1168 4102 est
1183 4026 1354 4105 carentia
1373 4029 1548 4128 sormae3

222 4152 317 4226 qnae
337 4125 498 4228 quidem
514 4125 565 4214 ad
590 4124 883 4225 generationem
910 4126 1068 4226 prorsus
1095 4125 1304 4206 neeellaria
1323 4125 1360 4206 ei
1375 4129 1453 4208 visa
1477 4127 1548 4224 est,

220 4229 291 4308 bac
307 4251 448 4326 nempe
463 4227 658 4310 mediante
676 4241 721 4308 ut
736 4251 885 4310 novum
910 4227 1193 4330 composrtum,
1217 4229 1333 4336 quod
1354 4244 1442 4412 antfe
1456 4253 1549 4344 'non

1424 4345 1500 4433 unt,
