3782 4958
433 485 719 578 Protrcrro
744 427 799 576 V
840 493 914 580 Dr
941 493 1091 602 Apuli
1369 486 1449 602 337

159 677 302 760 novior
313 678 540 761 uberiorem
557 677 741 781 prolerre
760 677 925 782 piscium
942 681 1095 783 copiam
1110 703 1123 784 ς
1142 701 1174 796 p
1251 693 1371 786 terea,
1387 679 1496 785 quod

15 822 19 909 3
159 777 322 878 piscium
337 783 485 886 ovula,
511 784 757 889 tranquiliori
791 783 932 884 patriae
964 783 1195 886 innatantia,
1239 785 1335 867 olari
1363 785 1498 868 calore

158 877 318 962 felicius
353 883 638 989 excludantur3
678 884 897 990 praesertim
935 884 964 963 ss
1004 903 1150 986 praeter
1182 889 1331 969 lentum
1359 887 1499 969 decur-

162 984 271 1086 sum,
299 986 410 1066 fluvii
436 988 551 1068 etiam
577 1013 652 1094 per
684 987 872 1093 pinguius
895 987 1022 1072 solum
1057 991 1208 1089 fluant3
1234 990 1358 1069 veluti
1386 991 1500 1071 Tibi-

161 1087 249 1168 scus
274 1091 513 1194 Hungariae,
539 1091 582 1175 in
615 1119 700 1199 quo
727 1088 976 1176 incredibilis
1007 1091 1171 1197 piscium
1197 1091 1407 1176 multitudo
1434 1113 1501 1198 ge·

12 1199 13 1231 ³
160 1203 333 1270 neratur.

160 1329 165 1336 ·
260 1295 313 1371 V.
349 1292 585 1375 Gravitatem
608 1321 724 1403 aquae
757 1301 800 1379 in
825 1294 1095 1408 ilydroilatica
1118 1293 1291 1396 expendi
1315 1297 1375 1395 (i.
1396 1299 1505 1397 ror).
1546 1317 1648 1416 Aque

9 1392 15 1428 ⁹
161 1395 457 1492 Maffchemhrlr'us
472 1393 577 1480 illius
594 1401 820 1504 gravitatem
846 1401 1010 1482 relative
1033 1395 1091 1478 ad·
1107 1408 1237 1478 aerem
1255 1401 1326 1478 hac
1350 1396 1504 1478 ratione
1516 1427 1663 1523 gravita-
1719 1449 1723 1455 ,
1815 1423 1819 1432 ’

163 1488 444 1576 determinavit
472 1523 483 1576 a
517 1503 679 1601 globum
702 1503 903 1606 vitreum,
936 1503 1121 1582 vertebra
1153 1500 1342 1580 matallica
1376 1497 1505 1582 muni·
1521 1544 1581 1598 pm
1598 1519 1654 1592 de.

162 1609 268 1696 tum‚
293 1625 373 1682 una
407 1621 496 1681 cum
521 1605 673 1687 incluso
699 1615 790 1687 aere
822 1602 1088 1710 ponderavit3
1127 1625 1219 1682 mox
1242 1603 1430 1687 exhausto
1455 1626 1504 1682 ex
1520 1631 1682 1702 „mam

165 1697 287 1799 globo
306 1711 397 1782 aere
412 1705 831 1812 rursurponderavit,
857 1710 895 1791 δι
920 1703 1182 1810 deprehendit
1198 1706 1363 1806 globum
1379 1705 1505 1786 levio-

164 1823 282 1904 rem3
308 1821 389 1884 tum
416 1831 511 1910 aqua
534 1810 642 1892 hunc
667 1808 839 1894 eundem
878 1813 1038 1912 globum
1071 1807 1271 1907 impletum
1299 1805 1505 1911 appendit,

5 1996 13 2020 Γ
164 1919 283 2006 atque
300 1905 491 2007 entellum
507 1913 618 2012 hujus
639 1911 828 2018 ponderis
840 1911 1018 2010 notavit3
1055 1911 1231 2014 denique
1250 1909 1440 1993 subtraxit
1458 1909 1505 1988 ab

166 2005 308 2087 eodem
326 2008 507 2108 pondere
524 2014 656 2117 globi,
680 2019 720 2100 dt
738 2037 857 2118 aqua,
883 2014 920 2095 dt
943 2023 1035 2092 aere
1054 2011 1220 2112 repleti,
1246 2011 1398 2109 pondus
1422 2013 1506 2113 glo-

167 2105 210 2186 bi
227 2111 367 2214 vacui,
395 2111 609 2223 habuitque
634 2117 676 2198 in
695 2115 986 2198 remanentibus·
1009 2111 1183 2196 numeris
1208 2113 1362 2214 pondus
1392 2117 1506 2196 volu·
1636 2181 1640 2188 .

169 2211 282 2294 minis
299 2215 465 2333 &aquae
492 2218 676 2324 uaeris,
702 2221 864 2323 globum
889 2218 1114 2317 occupantis
1135 2242 1148 2317 ς
1178 2214 1258 2316 ita,
1284 2233 1329 2298 ut
1350 2216 1445 2296 licut
1465 2215 1505 2293 se

168 2315 314 2396 habent
330 2316 379 2396 ad
393 2317 563 2400 invicem
582 2321 738 2404 numeri
756 2321 795 2400 hi
812 2319 895 2402 duo
921 2318 1089 2422 raudai,
1115 2319 1225 2402 itale
1245 2317 1406 2399 haberet
1423 2340 1509 2420 gra-

168 2415 265 2500 vitas
284 2419 470 2518 specifica
494 2423 594 2506 aeris
620 2421 667 2503 ad
691 2449 840 2528 aquam.
892 2425 1017 2504 Porro
1043 2421 1211 2505 diversae
1239 2419 1509 2520 faeculentiae,

169 2523 283 2625 aquis
297 2522 516 2634 immixtae,
542 2529 652 2609 causa
678 2529 869 2630 potissima
896 2527 1132 2629 extiterunt,
1158 2522 1266 2643 quod
1291 2523 1437 2607 eruditi
1465 2523 1509 2638 in

170 2626 290 2708 variis
307 2625 508 2728 gentibus,
531 2629 676 2710 variam
697 2653 810 2736 aquae
827 2628 1049 2732 specificam
1077 2643 1300 2732 gravitatem
1327 2627 1511 2707 detenm·

170 2729 357 2811 naverint
374 2728 537 2809 relative
556 2729 603 2810 ad
620 2743 749 2815 aerem
776 2759 787 2810 ε
816 2741 955 2809 Galilaia
980 2747 1025 2810 ut
1046 2759 1125 2831 400
1141 2727 1189 2810 ad
1216 2758 1247 2809 1.
1289 2733 1510 2833 Hombargmu

159 2846 218 2914 ut
237 2847 311 2936 692
329 2827 376 2910 ad
397 2859 429 2912 1.
462 2839 592 2934 Hasejn
607 2853 652 2916 ut
677 2851 753 2928 800
771 2828 819 2908 ad
842 2857 874 2912 1.
906 2840 1027 2931 Brystm
1043 2853 1089 2914 ut
1106 2841 1181 2933 938
1198 2829 1248 2909 ad
1269 2861 1299 2914 r.
1342 2830 1509 2909 Floren-

170 2936 245 3016 tini
264 2931 493 3014 Academici
510 2948 554 3012 ut
574 2962 645 3035 1¹7
692 2935 740 3014 ad
761 2959 777 3017 1
805 2957 819 3032 3
852 2931 1026 3035 quamvis
1051 2934 1166 3013 etiam
1192 2933 1284 3014 anni
1305 2933 1511 3035 tempestas

171 3038 341 3117 multum
359 3037 569 3137 consecuta
598 2965 737 3118 aetiivo
753 3051 931 3140 tempore
954 3033 1111 3133 pondus
1138 3061 1252 3138 aquae
1276 3037 1428 3136 semper
1445 3034 1513 3112 de·

172 3140 325 3222 crescit.
391 3141 452 3221 Cl.
479 3141 717 3242 Maisaimbraet
741 3166 791 3221 no
820 3137 995 3238 Januarii
1023 3153 1119 3240 1728
1143 3138 1364 3240 specificam
1384 3135 1514 3241 gravi-

169 3258 290 3325 tatem
308 3239 488 3344 aquaead
506 3251 634 3324 aerem
653 3238 916 3346 deprehendit
930 3253 975 3318 ut
992 3259 1063 3344 783
1081 3241 1129 3321 ad
1148 3269 1179 3321 r.
1223 3263 1266 3342 17
1290 3243 1397 3342 Junii
1415 3243 1514 3340 elue

174 3343 266 3427 dem
285 3343 376 3424 anni
400 3359 444 3423 ut
459 3349 534 3447 698
558 3343 605 3424 ad
628 3369 659 3424 1.
697 3344 925 3426 rNovemb.
946 3369 1045 3447 1729
1063 3357 1107 3424 ut
1123 3366 1201 3448 774
1217 3343 1264 3423 ad
1288 3375 1315 3425 r.
1357 3373 1403 3427 ro
1421 3341 1514 3443 Maii

174 3477 235 3530 an.
256 3471 356 3550 1730
380 3465 424 3528 ut
441 3453 513 3556 673
543 3445 591 3526 ad
612 3475 643 3532 1·
695 3445 842 3531 Pedem
859 3457 1054 3548 praeterea
1071 3449 1305 3528 Rhenanam
1330 3445 1513 3530 cubicum

175 3575 313 3658 aquae,
348 3549 486 3630 aestivo
505 3563 684 3650 tempore
700 3547 980 3652 ponderatum,
1003 3549 1173 3632 advertit
1190 3549 1302 3628 saville
1325 3553 1378 3648 64
1398 3546 1514 3624 libra·

175 3679 289 3754 rum,
312 3652 382 3756 qui
401 3653 569 3756 hyemali
590 3667 770 3756 tempore
791 3656 840 3749 65
857 3649 976 3730 libras
994 3655 1246 3752 ponderabat
1416 3745 1426 3764 .

161 3777 166 3784 ·
279 3761 353 3838 VI.
380 3759 455 3836 Per
471 3755 688 3834 invisibiles
702 3755 904 3858 lignorum
923 3779 1055 3856 poros,
1068 3757 1240 3860 itemque
1254 3771 1325 3854 per
1343 3771 1515 3850 conum,

204 3858 288 3944 uod
304 3858 346 3937 in
363 3855 556 3939 machinae
567 3859 830 3958 pneumaticae
847 3857 1375 3956 experimentisohservahrr,
1393 3869 1516 3934 trans·

177 3893 290 4048 indat
309 3987 430 4066 aqua,
455 3983 528 4063 per
545 3985 637 4063 quae
651 3983 710 4040 :ne
729 3961 905 4043 elasticus
928 3959 1092 4060 quidem
1120 3967 1187 4038 aer
1202 3957 1368 4037 tranfire
1384 3956 1518 4040 valet:

180 4070 231 4149 sal
257 4065 511 4146 &saccorum
536 4061 682 4144 durum
700 4061 938 4144 velocilsrme
963 4077 1219 4166 penetrantur
1235 4063 1284 4140 ab
1310 4086 1438 4168 aqua:
1467 4071 1519 4138 at-

180 4195 258 4279 que
273 4167 420 4246 exinde
437 4163 625 4246 subtilitas
642 4165 917 4268 particularum
935 4191 1049 4272 aquee
1069 4164 1314 4268 intelligitur.
1364 4157 1518 4245 Acade·

180 4274 272 4355 mici
288 4267 506 4352 Florentini
524 4269 684 4370 globum
706 4289 869 4352 aureum
885 4323 900 4372 7
925 4293 1064 4357 cavum
1090 4281 1244 4374 totum,
1269 4296 1367 4376 aqua
1381 4264 1519 4366 impie·

771 4376 904 4478 ΥΠ
1368 4381 1470 4469 tum,
1613 4455 1620 4466 .
