3900 4956
1004 509 1219 588 Secrioms
1241 511 1288 590 l.

994 697 1232 812 Ohjeuiines.

425 901 469 1004 -§.
484 911 547 1003 03.
567 897 708 1076 Non
732 889 885 995 poliunt
911 894 1052 976 inertia
1085 915 1255 995 corpora
1278 894 1449 1008 propriis
1487 893 1642 974 viribus
1666 894 1705 972 se
1732 895 1777 974 in

553 1059 558 1067 .
669 1011 819 1074 motum
840 993 1043 1077 deducere
1065 995 1116 1093 (l.
1132 1003 1224 1100 99);
1250 994 1321 1074 nisi
1339 1011 1518 1079 externae
1529 995 1778 1076 causeeliunc

405 1145 408 1152 ·
432 1119 586 1185 motum
604 1099 856 1199 imprimant3
883 1097 995 1178 sedsi
1022 1099 1107 1177 istae
1131 1113 1250 1200 agunt
1285 1097 1326 1176 in
1352 1121 1546 1202 corporo,
1572 1095 1777 1176 debebunt

422 1207 571 1310 utique
599 1227 770 1304 corpora
798 1223 961 1302 reagere
980 1202 1019 1280 in
1048 1201 1177 1280 causas
1207 1211 1390 1280 externas
1412 1207 1468 1311 (i.
1496 1215 1568 1282 106
1589 1207 1663 1304 Lege
1680 1199 1779 1297 ΠΙ.)

401 1349 405 1358 ·
431 1301 555 1410 Quod
575 1320 706 1382 tamen
732 1301 807 1378 else
831 1326 915 1378 non
942 1304 1092 1400 potest,
1117 1325 1207 1382 cuin
1240 1323 1388 1401 corpus
1417 1303 1549 1399 suapte
1575 1317 1714 1380 natura
1734 1297 1776 1374 se

431 1429 599 1486 movere
616 1416 789 1504 nequeat
810 1427 819 1476 ε
848 1399 966 1514 igitur
987 1425 1121 1518 neque
1138 1418 1253 1506 agent
1279 1422 1460 1486 externae
1486 1404 1621 1484 causae
1631 1400 1672 1482 in
1685 1421 1778 1480 cor-

429 1532 554 1612 pora,
584 1505 692 1584 &sic
706 1502 838 1580 nullus
857 1513 932 1579 erit
949 1527 1110 1582 omnino
1132 1521 1277 1584 motus.

535 1611 588 1686 ΙΙ.
615 1615 696 1685 Zeno
715 1604 1056 1705 argumentabatur
1073 1603 1126 1682 fic
1148 1636 1159 1686 ε
1186 1607 1212 1684 si
1229 1607 1392 1684 daretur
1411 1621 1559 1707 motus,
1576 1623 1671 1684 tunc
1687 1625 1779 1698 per-

430 1707 644 1792 nicill'imus
663 1710 814 1806 Achiles,
844 1711 1000 1789 waldsatis
1016 1715 1170 1795 Homeri,
1194 1731 1275 1786 non
1304 1708 1425 1804 pollet
1453 1707 1596 1812 allequi
1623 1705 1779 1805 fugien-

401 1827 513 1892 tem
548 1805 793 1888 tardissimam
821 1803 1053 1888 testudinem
1082 1833 1094 1901 ς
1157 1807 1312 1888 Etenim
1350 1811 1627 1912 progrediatur
1652 1807 1779 1884 Achilles

429 1917 619 2013 centuplo
650 1907 857 2010 velocius,
888 1934 1003 2012 quam
1030 1907 1212 2010 testudo,
1254 1935 1337 1992 uno
1372 1911 1526 1992 milliari
1562 1907 1701 1989 distans
1728 1903 1782 1980 ab

428 2022 564 2104 nihile,
589 2014 747 2094 interim
769 2009 865 2090 dum
884 2011 1046 2089 milliare
1066 2009 1163 2089 illud
1189 2013 1312 2089 Achillei
1339 2011 1567 2114 percurrit,
1587 2003 1780 2092 conficiet

431 2117 589 2197 alterius
617 2112 791 2194 milliaris
809 2127 960 2215 partem
982 2111 1228 2192 centesimam
1251 2111 1437 2193 testudo:
1476 2115 1705 2217 priusquam
1727 2105 1780 2182 ad

427 2224 529 2301 hanc
549 2217 796 2298 centesimam
816 2215 988 2294 milliaris
1006 2229 1155 2312 partem
1187 2220 1310 2293 Achiles
1336 2215 1546 2318 insequens
1564 2209 1778 2316 pertingat,

429 2319 564 2402 rursus
592 2316 747 2398 testudo
773 2317 881 2395 aliam
908 2315 1154 2396 centesimam
1192 2317 1370 2415 ejusdem
1407 2317 1631 2396 centesimae
1658 2309 1780 2414 partis

404 2481 408 2488 -
431 2421 630 2604 iisomt'
658 2415 822 2498 &sicin
845 2415 1073 2522 infinitum,
1100 2433 1147 2497 ut
1172 2423 1301 2498 nihilis
1323 2417 1557 2498 testudinem
1578 2435 1780 2516 nunquam

483 2545 506 2600 e
536 2537 665 2600 uetur.

509 2549 608 2703 qul.
637 2628 763 2700 Omne
777 2617 940 2719 spatium
973 2619 1087 2700 habet
1110 2635 1243 2721 partes
1276 2621 1314 2702 in
1344 2620 1541 2702 infinitum
1570 2617 1780 2702 divisibiles

287 2709 291 2719 ¹
428 2729 548 2829 §.32)
567 2725 815 2822 &temporis
839 2731 1004 2826 quoque
1024 2736 1155 2820 partes
1181 2725 1269 2803 sunt
1296 2723 1503 2804 divisibiles
1521 2724 1564 2803 in
1578 2721 1779 2802 infinitum

431 2831 482 2930 (l.
495 2831 571 2928 76)
591 2851 680 2908 cum
700 2843 859 2930 quantae
872 2822 943 2902 sint
963 2857 973 2902 :
999 2821 1195 2906 infinitum
1211 2845 1341 2905 autem
1361 2851 1441 2908 non
1463 2825 1782 2925 potestpertran·

429 2931 495 3012 siri
522 2931 589 3009 seu
619 2931 775 3010 ratione
796 2925 930 3032 spatii,
959 2925 1026 3006 seu
1056 2930 1212 3008 ratione
1237 2929 1428 3026 temporis
1455 2954 1467 3028 3
1505 2926 1625 3028 igitur
1649 2945 1781 3024 neque

429 3035 559 3112 Achilla
585 3087 597 3119 ‚
623 3055 758 3131 neque
787 3029 941 3111 testudo
972 3029 1227 3127 movebitur,
1259 3029 1325 3108 sed
1360 3045 1508 3108 tantum
1536 3027 1784 3126 putabuntur

432 3132 590 3216 moveri
610 3153 659 3208 ex
682 3125 1059 3209 circumstantiarum
1086 3146 1290 3230 apparatu,
1318 3153 1408 3210 cum
1432 3127 1780 3230 reipsaquiescant.

535 3234 613 3308 IV.
642 3232 798 3308 Diodorus
816 3241 934 3307 cronos
957 3229 1129 3326 Sophista
1149 3233 1202 3310 sic
1223 3235 1562 3334 argumentabatur
1584 3259 1595 3308 a
1621 3229 1684 3308 vel
1697 3249 1783 3304 mo-

435 3343 601 3414 veretur
625 3353 771 3430 corpus
789 3330 830 3410 in
848 3331 956 3425 loco,
974 3327 1014 3408 in
1036 3354 1117 3432 quo
1138 3335 1193 3412 est
1217 3389 1231 3433 ‚
1260 3337 1325 3412 vel
1342 3335 1382 3416 in
1402 3359 1483 3438 quo
1502 3333 1657 3410 nonest
1676 3359 1685 3407 i
1714 3325 1784 3408 sed

436 3460 517 3518 non
531 3445 713 3513 movetur
732 3429 772 3510 in
796 3434 911 3533 loco,
939 3433 1081 3546 inquo
1104 3435 1189 3538 est3
1227 3437 1404 3538 alioquin
1429 3460 1479 3515 ex
1506 3433 1574 3510 illo
1595 3457 1676 3512 non
1697 3431 1784 3510 eiii·
1915 3433 1916 3452 ³

435 3553 529 3623 ret:
558 3559 639 3650 nec·
652 3551 836 3612 movetur
865 3535 905 3614 in
921 3539 1037 3632 ioco,
1057 3558 1098 3614 in
1125 3563 1205 3639 quo
1233 3563 1313 3617 non
1337 3541 1426 3640 ell3
1454 3531 1547 3616 nihil
1575 3533 1678 3616 enim
1704 3531 1785 3636 agit

435 3641 477 3722 in
495 3643 607 3726 loco,
628 3661 680 3716 in.
697 3659 781 3737 quo
800 3662 880 3716 nori
902 3640 984 3717 est:
1012 3661 1109 3737 ergo
1131 3639 1280 3717 nullum
1303 3663 1451 3741 corpus
1472 3649 1669 3718 movetur.

538 3743 594 3818 V.
621 3739 789 3818 Elumbe
814 3737 893 3816 suit
921 3737 1015 3818 illud
1046 3741 1315 3818 ambulationis
1342 3755 1639 3844 argumentum⁹
1669 3733 1782 3841 quod

436 3849 586 3944 Diogenis
615 3841 739 3918 attulit
764 3857 902 3917 contra
928 3841 1190 3942 Zenonistas3
1222 3866 1314 3922 non
1342 3843 1447 3924 enim
1482 3853 1566 3921 Zoro
1594 3841 1781 3942 negavit:

443 3939 553 4043 qood
574 3937 780 4020 videantur
796 3943 966 4021 sensibus
988 3965 1158 4039 corpora
1186 3945 1366 4044 moveri,
1395 3943 1723 4048 quemadmodum
1743 3937 1786 4018 dc

442 4045 525 4142 ipse
542 4050 686 4145 Diogenes
709 4045 907 4124 ambulans
936 4043 1090 4123 moveri
1109 4047 1315 4144 putabatur
1331 4075 1343 4143 ς
1371 4047 1437 4127 sed
1463 4045 1526 4145 id,
1543 4043 1653 4148 quod
1672 4041 1787 4122 vide·

437 4149 553 4224 batur
569 4142 765 4255 sensibus,
794 4169 934 4227 verum
951 4171 1033 4231 non
1050 4145 1251 4242 essenorum
1267 4151 1544 4251 pertendebat,
1563 4145 1784 4226 rationibus
1915 4233 1916 4246 Ν

435 4247 513 4331 suis
529 4244 702 4337 innixus.

1648 4349 1723 4430 Vl.
