3802 4942
448 483 569 586 486·
670 541 675 556 .
870 469 1139 556 Sacrtours
1191 471 1246 548 11.

398 655 475 736 sam
493 659 662 751 ponatur
673 665 934 746 vasaqueum
953 641 984 722 B
1009 663 1106 720 cum
1128 641 1312 722 immerso
1332 643 1430 724 tubo
1446 665 1617 722 recurvo
1636 643 1735 744 cl),

399 754 470 838 ubi
486 749 674 852 applicato
691 768 762 823 ore
784 749 836 845 E,
860 771 956 848 aqua
976 747 1024 822 ad
1050 742 1189 824 saltum
1225 741 1355 822 elicita
1372 743 1737 844 suerit,-videbitur

398 853 606 961 prosiliens
623 849 691 930 illa
708 873 805 950 aqua
819 842 1053 946 divergere·
1095 843 1176 925 imo
1197 845 1226 926 fi
1245 843 1386 946 digitus
1401 872 1483 926 non
1501 845 1738 929 eleflrisatur

400 959 620 1062 applicetur
636 965 801 1052 utraque
815 971 864 1027 ex
878 967 1010 1052 parte,
1035 904 1239 1030 dividetur
1263 948 1404 1032 saliens
1425 949 1493 1026 illa
1518 977 1617 1052 aqua
1643 945 1739 1048 bil7

399 1065 498 1144 riam
516 1060 559 1140 in
586 1053 685 1136 duos
710 1075 820 1130 arcus
841 1051 982 1130 versus
1008 1047 1173 1150 digitum
1198 1050 1435 1152 inclinatos3
1468 1051 1577 1156 quod
1603 1048 1740 1132 sisons

400 1161 543 1244 saliens
564 1155 727 1258 integer
744 1149 1020 1254 electrisetur,
1044 1149 1377 1240 animadvertetur
1398 1179 1528 1262 aqua,
1552 1157 1591 1236 lle
1608 1151 1740 1253 copie»

401 1264 503 1364 frus,
529 1255 700 1342 &citius
713 1254 925 1354 profluere.
1729 1319 1732 1327 .

502 1366 577 1442 IV.
601 1364 723 1458 Supra
739 1350 857 1430 balim
874 1353 1129 1440 elestrisatam
1148 1359 1190 1438 in
1205 1369 1374 1463 quatuor
1391 1357 1587 1440 columnis
1603 1354 1747 1438 ferreis·

404 1459 468 1550 aut
491 1461 617 1544 aeneis
640 1451 923 1558 suspendantur
947 1473 1115 1573 quatuor
1137 1462 1210 1556 vel
1237 1460 1368 1560 plures
1400 1463 1673 1563 campanulae,
1699 1459 1742 1538 jn
1880 1471 1881 1476 a

400 1589 568 1676 quarum
585 1559 716 1640 medio
738 1581 786 1636 ex
804 1555 878 1639 filo
896 1559 1026 1640 serico
1050 1557 1272 1663 suspensum
1294 1559 1340 1642 fit
1363 1585 1530 1661 parvum
1554 1563 1741 1666 pistillum
1806 1579 1812 1592 ·
1881 1565 1882 1620 ῑ

401 1691 592 1784 aeneum,
615 1662 685 1746 ubi
709 1657 916 1776 agitatione
941 1664 1135 1745 machinae
1158 1663 1255 1744 basis
1281 1687 1363 1778 una
1387 1688 1475 1779 cum
1505 1663 1744 1784 campanulis

404 1767 635 1850 clestrrsatae
650 1765 819 1860 luerint,
845 1765 1034 1844 attrahent
1061 1767 1303 1866 campanulae
1325 1765 1512 1862 pistillum
1538 1767 1643 1848 rllud
1665 1789 1742 1843 rne-

404 1871 515 1954 dium
532 1895 615 1952 non
631 1861 888 1948 elementum
905 1865 976 1944 hac
993 1865 1158 1968 dullino,
1181 1865 1434 1966 &repellent
1454 1921 1470 1968 ,
1493 1883 1537 1950 ut
1552 1869 1596 1952 in
1617 1870 1747 1950 variae
1883 1900 1884 1904 Ν

407 1971 657 2076 campanulas
675 1969 874 2078 incurrat,
898 1965 1089 2052 &sonum
1104 1969 1257 2050 varium
1277 1966 1474 2066 producat,
1634 2021 1638 2028 .

233 2097 394 2190 mul.
506 2081 560 2156 V.
586 2077 648 2156 Ex
663 2069 744 2151 filis
759 2065 920 2147 sericeis
934 2075 1005 2186 Al}
1023 2067 1280 2184 suspendatur
1296 2069 1458 2184 bacillus
1475 2069 1636 2174 ligneus
1653 2071 1745 2174 CI),

231 2203 304 2332 a,
324 2226 369 2326 ¹³
405 2166 1747 2374 iup‘iqslilillidiindididii·si‘ii³5da¹diisdssl¹t⁰li⁵nssjl¹i

394 2307 691 2466 ¹admdiliantiam
707 2371 866 2455 circiter
884 2373 1006 2491 unius
1022 2333 1135 2478 pedis
1152 2373 1199 2491 ad
1214 2373 1298 2454 illas
1316 2373 1458 2476 ligulas
1476 2376 1743 2482 applicaveris,

403 2483 562 2568 videbis
579 2479 708 2582 primo
726 2479 764 2559 δι
780 2499 875 2592 prae·
889 2478 975 2556 alus
989 2479 1143 2577 nigram
1161 2477 1321 2576 ligulam
1337 2481 1489 2580 attrahi,
1507 2495 1571 2562 aut
1588 2478 1746 2586 repelli,

409 2607 476 2670 aut
493 2586 624 2667 saltem
641 2583 765 2664 multo
781 2577 950 2693 fprtiuS,
975 2592 1091 2684 quarn
1106 2577 1198 2660 alias
1215 2577 1355 2680 ligulas
1372 2604 1385 2676 ς
1411 2584 1518 2684 quod
1540 2605 1745 2688 argumen.

408 2708 452 2775 to
471 2690 543 2794 est,
562 2687 735 2770 colorem
753 2678 954 2794 qmdpiam
969 2679 1280 2788 adferrevirtuti
1305 2677 1543 2766 elestricaec

238 2812 402 2901 zm).
510 2795 584 2873 v1.
611 2783 899 2871 Candelabrum
919 2787 952 2866 B
972 2811 1063 2867 cum
1080 2781 1243 2866 candela
1266 2783 1617 2888 obliqueponatur
1632 2785 1749 2887 super

241 2917 381 3024 *21⁴
410 2893 613 3073 ulcu
633 2885 1748 3094 litteraturaeairu

409 3096 455 3172 in
473 3099 536 3192 A,
559 3093 627 3205 ubi
653 3113 798 3188 nempe
821 3093 993 3172 calorem
1018 3086 1196 3174 candelae
1218 3039 1510 3194 demiramur,
1534 3092 1747 3192 extendat3

410 3188 518 3296 quod
535 3189 563 3269 fi
581 3191 681 3272 infra
701 3187 903 3274 candelam
924 3193 1031 3272 illam
1048 3193 1192 3277 lanxc
1218 3219 1306 3276 cum
1332 3195 1451 3276 variis
1473 3195 1555 3278 auri
1583 3190 1751 3276 braden

410 3292 652 3476 colloceturd,
678 3295 916 3378 attrahentur
932 3293 1039 3396 illae,
1073 3295 1382 3397 &repellentur
1409 3323 1430 3376 a
1449 3295 1628 3380 candel-ae
1645 3295 1748 3376 flam-

408 3424 476 3484 rna
497 3421 509 3498 3
535 3421 615 3502 quo
660 3425 740 3480 non
760 3396 972 3498 contingit,
1003 3395 1168 3476 lihomo
1184 3396 1422 3480 electrisatus
1436 3424 1631 3481 manuma
1650 3399 1747 3479 calo·

409 3527 456 3584 re
474 3497 651 3582 candelae
666 3501 845 3580 retrahat
898 3501 968 3580 Est
985 3499 1060 3581 hoc
1085 3497 1140 3577 uti
1170 3523 1221 3578 ue
1243 3517 1502 3606 argumento,
1527 3527 1600 3604 per
1624 3500 1747 3600 ipsum

408 3607 545 3787 lam-ren
559 3601 597 3680 de
613 3607 984 3716 calorem-tanquam
999 3623 1075 3704 per
1087 3523 1338 3686 deductionis
1359 3600 1536 3686 medium
1559 3605 1643 3687 vim
1668 3601 1745 3682 ele·

451 3725 573 3786 rrcam
593 3731 665 3806 pro
695 3727 809 3806 agari.

436 3865 443 3878 ,
513 3807 608 3885 Vll.
634 3735 810 3888 Siphomo
828 3798 1068 3888 electrisams
1093 3801 1246 3888 cristam
1270 3805 1393 3888 efilis
1414 3809 1552 3890 vitreis
1575 3804 1746 3890 constan·

412 3918 492 3984 tem
508 3927 624 3990 manu
640 3909 823 4008 tenuerit,
841 3904 1136 3992 inclinabuntur
1151 3907 1405 3990 vehementer
1422 3912 1550 3994 cristae
1565 3911 1649 3992 illae
1662 3935 1745 3990 ver·

410 4007 474 4085 sus
492 4029 646 4089 manum
662 4007 842 4090 tenentis.
892 4009 967 4086 Pili
988 4025 1117 4090 autem
1139 4009 1341 4090 hominum
1358 4012 1665 4096 electrisatorum
1690 4013 1744 4092 sn

413 4107 496 4187 lent
515 4105 558 4186 in
578 4111 693 4192 altum
705 4111 812 4190 reela
827 4111 1087 4210 consurgere,
1115 4107 1411 4220 advertiturque
1426 4138 1567 4198 ventus
1585 4111 1743 4219 quidam

404 4209 1097 4328 tenuirabeletlrisatircorporibus
1121 4209 1282 4325 spirare,
1579 4309 1696 4428 m
