3900 4956
388 331 409 376 h

436 491 672 568 Pamiscrio
683 489 722 584 i.
740 484 806 564 De
822 481 996 631 Νηῦν
1015 486 1254 566 Conponunt.
1460 505 1508 585 43

226 669 609 777 hil'complestuntur
624 693 822 786 corpora3
849 669 969 775 igitur
980 671 1019 750 in
1028 672 1086 751 his
1095 665 1454 770 principiisnatura
1465 683 1554 753 cor·

225 805 368 883 porum
384 779 520 856 secure
537 773 783 872 intelligitur.

325 884 358 982 t.
375 905 435 960 10.
462 878 579 976 Resp.
591 873 637 951 ad
650 877 681 950 Ι.
708 879 853 977 Neque
870 898 1005 953 omnes
1021 873 1206 955 haetenus
1229 893 1444 968 corporum
1463 897 1554 976 pro·
1573 930 1575 938 ·

224 985 407 1084 prietates
428 977 596 1057 deteitae
614 974 701 1054 sunt
718 979 772 1076 (t.
788 979 851 1072 8.)
878 977 997 1078 igitur
1017 999 1149 1078 neque
1176 997 1312 1056 omnes
1342 999 1362 1050 a
1383 997 1554 1074 corpore

222 1085 377 1186 possunt
394 1105 467 1179 per
484 1091 655 1156 mentem
674 1076 843 1156 rescindi
867 1091 1016 1178 praeter
1039 1081 1302 1160 extensionem
1323 1099 1484 1180 :neque
1505 1101 1555 1155 ex

222 1192 295 1269 hac
319 1182 543 1264 extensione
568 1179 656 1258 aliae
677 1177 856 1280 corporis
880 1180 1141 1277 proprietates
1160 1181 1393 1281 profluunt3
1447 1185 1554 1284 Quae

224 1289 329 1370 enim
350 1288 405 1364 est
422 1282 619 1364 connexio
642 1281 839 1365 mobilitatis,
856 1282 1035 1380 soliditatis,
1044 1298 1214 1386 gravitatis
1231 1283 1305 1362 &c
1332 1303 1424 1358 cum
1447 1303 1554 1357 exteti-

213 1395 329 1493 fiant?
356 1412 405 1465 ex
424 1383 560 1464 intima
575 1397 704 1464 autem
721 1379 780 1459 rei
799 1380 1015 1482 cujuspiam
1035 1401 1172 1465 natura
1189 1405 1326 1465 omnes
1342 1381 1444 1462 illius
1464 1405 1552 1482 pro·

223 1492 408 1592 prietates
428 1501 604 1566 emanant
625 1511 637 1586 3
665 1483 746 1561 imo
767 1506 901 1587 neque
916 1486 1095 1565 ultimum
1111 1484 1299 1590 corporis
1323 1481 1552 1565 attributum

225 1595 268 1675 iii
289 1605 418 1672 mente
443 1590 497 1668 cst
519 1585 722 1666 extensio:
751 1583 912 1687 sisiiper
934 1612 1089 1671 niarium
1118 1591 1219 1669 coeci
1236 1589 1375 1694 globus
1392 1585 1551 1664 ferreus

223 1721 268 1776 ea
284 1697 435 1774 ratione
451 1691 698 1803 disponatur,
725 1697 770 1764 ut
795 1689 933 1786 globus
959 1689 1023 1766 ille
1047 1689 1281 1770 mechanicis
1305 1690 1455 1792 legibus
1475 1713 1554 1765 nia-

221 1823 315 1877 num
340 1808 489 1899 premat
515 1815 556 1867 in
578 1785 739 1865 minimo
765 1789 923 1894 physico
960 1788 1212 1895 indivisibili,
1248 1791 1418 1870 ultimam
1447 1790 1552 1891 globi

219 1899 343 1978 serrei
360 1891 639 2002 proprietatem
668 1911 805 1970 coecus
835 1889 900 1967 ille
923 1893 1175 1973 arbitrabitur
1200 1893 1275 1972 esse
1291 1891 1548 1994 gravitatem,
1595 1915 1598 1924 ·

220 2003 386 2102 gravitas
410 2015 538 2078 tamen
555 2005 765 2092 propterea
784 2016 865 2070 noir
891 1992 967 2071 erit
995 1996 1151 2074 essentia
1172 1999 1366 2092 corporis.
1423 1991 1551 2072 Deni-
1633 2087 1640 2096 ,

221 2129 301 2207 que
318 2107 463 2201 Carttfias
479 2097 664 2199 praestans
683 2095 910 2195 Geoinetra,
929 2095 1253 2177 mathematicaad
1265 2097 1551 2204 physicatrans-

219 2208 332 2304 tulit,
359 2223 532 2303 cumque
542 2197 714 2290 videret,
735 2221 839 2293 corpus
859 2207 1109 2276 niatimtaticam
1134 2223 1214 2276 non
1235 2199 1347 2278 aliter
1375 2197 1552 2282 conside·

220 2303 316 2404 rari,
336 2327 452 2406 quain
469 2299 667 2378 extensum
682 2295 721 2370 in
731 2295 910 2398 longum,
930 2300 1049 2378 latum
1065 2297 1354 2401 &profundum
1368 2307 1417 2482 iss.
1429 2323 1460 2394 3.
1475 2309 1552 2376 Gaa-

220 2412 321 2508 mtt.)
351 2399 504 2506 putavit
535 2399 573 2478 da
594 2403 704 2511 piniti
734 2413 865 2496 corporis
901 2400 1096 2482 essentiam
1118 2401 1211 2498 esse
1250 2417 1367 2482 exten
1386 2424 1549 2507 ionem3

222 2505 556 2626 quemadmodum
575 2496 767 2610 ldealistm
786 2499 973 2604 quidam,
1030 2507 1072 2588 ui
1090 2507 1130 2586 in
1150 2506 1323 2584 numeris
1343 2507 1417 2585 toti
1429 2527 1551 2608 quan-

219 2625 250 2689 ti
270 2625 409 2712 erant,
435 2607 475 2686 in
492 2606 613 2684 rebus
634 2599 816 2680 omnibus
838 2601 931 2681 nihil
958 2532 1028 2684 nii
1053 2628 1240 2692 numeros
1264 2631 1467 2706 perperam
1492 2607 1551 2684 vi-

222 2711 367 2790 derunt
391 2720 408 2806 ξ
456 2705 563 2812 quod
595 2707 683 2782 sane
713 2701 767 2778 est
801 2701 1046 2788 scientiarum
1083 2705 1264 2790 ordinem
1300 2711 1547 2810 perturbare.

222 2811 343 2918 Quod
366 2813 580 2908 fisattnsini
595 2816 801 2978 refierantt
828 2801 990 2884 differre
1017 2813 1178 2912 quidem
1201 2811 1411 2905 plurimum
1431 2838 1452 2887 a
1471 2833 1549 2888 ma.

218 2913 432 2992 thematico
450 2931 596 3006 corpus
617 2929 644 3002 p
672 2905 842 3016 yseram,
871 2929 953 2984 non
969 2925 1096 2988 tamen
1116 2909 1270 2989 ratione
1291 2911 1546 3011 extensionis,

218 3040 310 3094 cuni
329 3017 417 3091 haec
435 3007 682 3088 essentialiter
700 3017 862 3104 utrique
882 3011 1101 3092 communis
1120 3012 1180 3112 sit,
1199 3010 1263 3090 sed
1282 3012 1436 3092 ratione
1457 3012 1550 3092 alio.

217 3141 304 3198 rum
324 3111 600 3192 accidentium.
653 3106 947 3210 Rtipondtndamefl
970 3110 1071 3192 illis:
1101 3113 1220 3194 &vel
1243 3111 1335 3191 ideo
1355 3116 1548 3196 extensio-

219 3243 310 3296 nem
336 3239 418 3295 non
440 3213 545 3316 posse
571 3209 647 3290 esse
671 3209 823 3306 tfftntt'am
852 3211 999 3316 physici
1023 3219 1238 3317 corporis,
1267 3239 1359 3294 cuin
1384 3215 1549 3320 utrique

219 3315 377 3418 corpori
397 3313 618 3393 communis
640 3309 713 3387 sit:
739 3331 911 3410 cumque
933 3317 1046 3395 etiam
1067 3319 1241 3400 extensio
1262 3320 1546 3428 mathematica,

217 3444 313 3500 vera
348 3418 392 3495 sit
424 3413 631 3515 extensio,
668 3409 792 3488 omnis
826 3424 955 3495 tamen
984 3419 1160 3501 materiae
1201 3441 1355 3516 expers
1408 3426 1550 3524 Itaque

219 3517 396 3626 quamvis
418 3519 611 3595 fateamur
633 3543 644 3592 r
670 3527 817 3590 certam
847 3519 1112 3599 extensionem
1142 3525 1294 3618 semper
1321 3523 1549 3604 naturaliter

215 3619 378 3722 corpori
399 3615 523 3696 adesse
538 3633 718 3717 tanquam
739 3615 959 3714 generalem
985 3624 1294 3722 proprietatem,
1323 3637 1548 3708 nontamen

216 3725 258 3806 in
281 3727 352 3803 hac
382 3718 608 3799 extensione
628 3718 796 3816 fitbflatttt'ae
825 3727 996 3798 materialis
1030 3723 1185 3802 essentia
1213 3723 1274 3812 est¹
1298 3721 1378 3800 sita.
1431 3732 1482 3803 id
1501 3739 1546 3808 sl.

218 3851 311 3906 tuac
331 3817 720 3932 separatimexistere
740 3841 820 3895 non
837 3818 1026 3922 possunt,
1054 3849 1188 3928 neque
1203 3823 1399 3905 subsistent
1415 3828 1551 3929 J'unsta

215 3855 324 4008 simul
346 3952 358 4024 ς
413 3929 674 4020 Proprietates
694 3933 820 3997 autem
841 3924 1022 4020 corporis
1046 3953 1085 4004 v.
1097 3951 1134 4026 g.
1156 3933 1297 4025 exicasti,
1308 3941 1452 4030 gravitas
1470 3933 1546 4012 dac.

215 4051 350 4128 neque
368 4023 523 4122 concipi
543 4021 622 4100 sine
642 4019 815 4120 subjetto
836 4021 1019 4126 possunt,
1050 4029 1114 4106 cui
1135 4043 1317 4129 tanquam
1339 4029 1549 4112 fulcimen·

216 4147 258 4209 to
279 4127 511 4222 inhaereant.
562 4124 623 4202 sii
638 4133 701 4202 iii.
733 4122 812 4224 Qui
832 4119 1001 4204 intimam
1022 4149 1234 4228 corporum
1254 4145 1426 4212 naturam
1441 4136 1548 4213 volet

217 4225 418 4322 intellestu
434 4223 600 4308 definire
619 4278 633 4327 2
666 4223 745 4304 sine
761 4225 986 4404 praegabitis
1004 4229 1202 4338 subsidiis,
1230 4231 1295 4312 ille
1312 4233 1545 4340 hypotheses

905 4351 929 4412 a
1456 4337 1495 4416 st
