3782 4958
219 465 1328 562 Parii.XXI.DrMor.Serarli.rirAiirir'arii.·
1370 453 1479 578 πεῖ*

148 687 216 746 nae
234 659 437 766 particulae
459 667 539 742 tina
567 683 655 740 cum
677 653 804 758 igneis
827 659 1026 758 particulis
1048 660 1199 744 sursum
1222 661 1495 764 provolantes,
1529 685 1535 692 ·

143 771 296 870 frigore
319 757 390 842 suo
415 762 644 862 gliscentem
671 760 880 862 fuliginem
908 763 1153 865 consopiunt'.

256 868 327 948 lx,
374 871 478 948 Cum
505 863 636 948 solaris
663 860 761 946 lucis
787 861 994 966 particulae
1015 887 1064 944 ex
1085 868 1202 948 Luna
1216 863 1492 964 neiletiuntun

11 1069 12 1076 Ν
151 995 241 1053 cum
271 971 385 1048 Luna
408 993 552 1072 corpus
573 963 779 1049 humidum
803 965 879 1069 sit,
914 966 1149 1066 ejuscemodi
1171 966 1349 1050 humidas
1375 965 1491 1068 parti-

11 1078 16 1158 l
142 1077 248 1154 culas
272 1093 319 1148 ex
344 1073 457 1151 Luna
499 1069 693 1150 deserunt.
768 1073 906 1169 Atque
925 1090 974 1146 ex
999 1069 1076 1148 hoc
1102 1070 1320 1172 explicatur
1346 1069 1493 1177 sympa-

138 1175 220 1254 thia
254 1169 468 1271 plenilunii
506 1197 593 1253 cum
635 1171 877 1250 incremento
909 1170 1152 1270 plantaruin3
1179 1187 1357 1270 tempore
1375 1169 1493 1270 siqui-

144 1276 237 1356 dem
269 1273 480 1374 plenilunii
507 1275 637 1376 plures
666 1269 768 1354 radii
794 1271 936 1352 solares
972 1297 995 1352 e
1018 1274 1109 1354 luna
1129 1273 1174 1353 in
1207 1288 1350 1352 terram
1376 1273 1493 1349 relle-

145 1378 342 1478 thuntur,
369 1375 541 1483 ideoque
575 1387 706 1459 aerem
732 1388 955 1479 terramque
982 1375 1143 1478 largiori
1169 1374 1395 1458 humiditate
1419 1373 1497 1453 soe·

8 1521 10 1572 r
148 1478 334 1562 cuodant.
449 1479 532 1560 uod
562 1479 657 1560 siin
682 1475 842 1578 speculo
866 1501 1044 1559 concavo
1075 1475 1177 1558 radii
1200 1479 1357 1559 lunares
1379 1474 1494 1556 rolli-

148 1597 312 1684 gantur‚
338 1581 423 1674 nihi
465 1581 606 1662 caloris
630 1579 820 1658 sentietur
842 1591 1041 1660 atenente
1059 1605 1218 1661 manuni
1235 1582 1277 1660 in
1300 1582 1392 1662 soco
1410 1579 1496 1680 spe·

8 1701 12 1792 l
143 1685 228 1766 culi
246 1707 259 1784 3
287 1705 376 1765 cuin
393 1698 523 1765 tamen
544 1681 646 1766 radii·
672 1681 830 1762 lunares
854 1681 1024 1784 ipsillimi
1055 1682 1129 1761 sint
1151 1683 1252 1766 radii
1271 1683 1416 1764 solares
1432 1701 1496 1758 re-

8 1795 9 1822 *
144 1785 271 1886 llexi3
306 1787 397 1889 qui,
421 1785 604 1888 quoniam
639 1783 682 1864 in
708 1783 748 1862 se
780 1781 1033 1864 ardentissimi
1063 1785 1182 1887 sunt,
1207 1785 1346 1890 utique
1372 1783 1491 1861 etiam

144 1889 187 1969 in
214 1886 315 1970 lucis
339 1888 487 1969 lunaris
514 1885 732 1968 reflexione
758 1883 945 1986 collesti,
969 1887 1142 1967 calorem
1173 1887 1307 1967 saltem
1330 1900 1495 1966 tenuem

7 1991 8 2002 '
145 2001 348 2089 notarent3
376 1991 449 2071 nisi
468 1988 631 2071 effertus
644 1987 709 2068 hic
729 1988 776 2064 ab
794 1984 1087 2068 adhaerentibus
1102 1989 1309 2089 frigidis&
1323 1982 1496 2074 humidis

7 2137 9 2180 l
144 2094 253 2176 lunae
266 2091 472 2190 particulis
488 2089 757 2194 impediretur.
783 2087 891 2171 Vide
909 2094 960 2194 (l.
971 2089 1113 2192 arcad
1129 2093 1235 2194 IV.)

7 2261 9 2288 a
248 2197 297 2274 X.
348 2198 583 2295 Tarantula‚
610 2207 743 2274 notum
769 2192 899 2272 Italiae
933 2192 1153 2294 infestum,
1178 2215 1268 2272 cum
1294 2189 1495 2272 hominem
1513 2194 1673 2268 rama«

7 2295 9 2372 l
143 2293 426 2397 momorderit,
442 2321 643 2377 venenum
659 2295 701 2372 in
721 2315 813 2374 eum
827 2294 1086 2396 transfundit,
1113 2295 1226 2396 quus
1241 2294 1393 2376 virtute
1408 2291 1495 2372 vul-
1511 2297 1555 2371 la.

6 2443 8 2476 r
144 2411 307 2478 neritus
330 2399 589 2479 somnolentia
615 2399 654 2478 dr
680 2395 1000 2480 convulsionibus
1020 2397 1266 2500 corripitur3
1310 2401 1409 2478 Nam
1425 2417 1494 2474 ve·

6 2571 7 2574 i
143 2522 296 2580 aenum
330 2503 557 2584 Tarantulae
589 2495 815 2598 sanguinem
853 2499 1113 2581 vehementer
1143 2499 1295 2602 spissum
1329 2495 1495 2596 reddit,

145 2599 322 2702 ejusdem
353 2615 498 2683 meatus
523 2601 746 2702 complures
767 2600 998 2682 'intercludit
1019 2630 1028 2681 i
1064 2602 1156 2684 hinc
1173 2617 1335 2704 torpore
1352 2622 1498 2700 corpus

145 2701 412 2805 opprimitur:
443 2705 540 2784 hinc
571 2703 774 2804 spirituum
803 2702 1006 2784 desettioi
1040 2704 1133 2786 hinc
1156 2709 1279 2786 motha
1293 2703 1426 2782 omnis
1456 2699 1499 2776 dt

146 2801 391 2906 cognitionis
412 2804 592 2906 jatrum
621 2821 659 2886 at
680 2828 779 2883 vero
800 2819 844 2882 ut
873 2807 1043 2901 primum
1065 2805 1210 2885 mufica
1231 2805 1302 2906 fit,
1329 2755 1499 2883 motiiius

6 2947 7 2950 Ν
145 2903 380 3010 quibusdam
403 2907 442 2986 di
466 2905 822 3026 gesticulationibus
848 2902 1113 2984 determinatis
1136 2907 1300 3008 idonea,
1325 2906 1396 2983 ille
1419 2902 1500 3007 pri-

145 3033 256 3088 mum
284 3009 394 3088 velut
420 3008 641 3111 evigilare„
666 3023 747 3088 tum
781 3007 952 3109 digitos,
979 3009 1138 3088 brachia
1155 3064 1170 3112 ,
1189 3007 1311 3112 pedes
1342 3007 1390 3086 ad
1415 3031 1500 3086 mo-

145 3113 263 3193 dulos
289 3134 479 3191 movere:
506 3109 666 3191 tandem
692 3109 827 3192 saltare
857 3109 943 3190 dies
967 3109 1084 3192 nocte
1130 3137 1201 3216 ue,
1226 3137 1297 3213 per
1314 3110 1500 3212 semptem

149 3237 437 3316 nonnunquam
458 3211 542 3294 dies
559 3239 572 3312 ς
600 3215 728 3316 usque
748 3211 842 3294 dum
858 3213 1085 3296 vehementi
1127 3212 1252 3295 udore
1271 3215 1309 3294 dt
1327 3207 1501 3296 commo-

146 3319 263 3397 tione
289 3329 486 3396 veneilum
518 3315 725 3418 transpiret
742 3369 756 3416 ,
776 3316 1007 3415 'di'agitatus
1036 3317 1222 3418 sanguis,
1262 3316 1503 3418 'copiosiores

145 3417 307 3522 spiritus
329 3417 530 3514 emittens,
556 3417 755 3498 hominem
787 3417 900 3496 saciat
928 3419 1050 3500 veluti
1075 3445 1100 3498 e
1127 3421 1236 3521 gravi
1263 3421 1399 3500 somno
1420 3413 1503 3492 evi-

148 3523 299 3623 gilare,
326 3519 423 3600 nihil
453 3519 737 3622 propemodum
778 3519 828 3597 de
851 3522 1050 3622 praeterita
1077 3523 1278 3602 saltatione
1305 3518 1500 3606 scientem.
1633 3583 1642 3594 .

145 3623 429 3728 Requiruntur
445 3635 573 3705 autern
593 3621 837 3702 determinati
865 3619 1016 3706 moduli
1043 3624 1194 3724 muhci,
1211 3624 1305 3702 tales
1329 3639 1472 3718 nempe
1487 3621 1509 3719 ,'

150 3729 301 3830 quibus
313 3725 512 3804 vellicatio
521 3725 737 3806 veneniest
746 3723 961 3829 affymbola.
987 3719 1505 3808 Revertententeannitem·

153 3853 254 3932 pore
274 3823 379 3908 redit
400 3826 607 3906 infirmitas
634 3829 761 3908 sanato
788 3827 963 3930 homini,
980 3855 1060 3943 quo
1078 3851 1221 3930 nempe
1239 3828 1503 3928 temporeTa-

149 3931 344 4033 rantulae,
360 3951 450 4032 quae
467 3925 673 4010 buffonum
693 3955 806 4010 more
829 3933 998 4036 hyemali
1009 3945 1184 4032 tempore
1197 3929 1300 4010 intra
1316 3951 1502 4010 cavernas

154 4033 415 4134 delitescunt,
440 4031 573 4112 rursus
599 4031 641 4110 in
669 4059 778 4113 auras
801 4031 962 4136 prodire
986 4031 1137 4135 solent,
1162 4033 1198 4110 dr
1227 4033 1382 4114 effluvia'
1404 4027 1504 4110 deli·

154 4137 340 4217 catislima
368 4137 449 4213 late
463 4133 676 4236 spargere3
711 4137 949 4217 fermentum
980 4135 1125 4240 quippe
1150 4133 1250 4218 illud
1278 4132 1504 4218 insensibile

156 4235 338 4352 veneni,
365 4239 408 4318 in
442 4236 603 4316 homine
632 4235 827 4318 relitlum¹
842 4239 1001 4322 ellluvia
1025 4235 1234 4347 aslymbola
1252 4243 1439 4334 attrahit,
1464 4239 1505 4322 dr

161 4343 366 4422 hominem
384 4355 548 4422 renovat
562 4341 689 4422 veteri
705 4339 944 4425 infirmitate.
1381 4345 1448 4421 xi.
