3900 4956
272 516 508 596 manerio
518 507 572 588 V.
583 499 650 582 Du
660 495 1115 581 CosroaoMDivisiau.
1126 523 1179 578 ar
1188 503 1384 584 Fiouiins.
1447 523 1496 610 59

214 695 291 778 toti
311 688 493 796 aequari3
527 686 580 768 sic
605 686 744 766 decem
774 699 903 784 partes
923 683 1096 766 decimae
1122 686 1281 766 unitatis
1303 687 1549 770 constituunt

213 798 432 895 unitatem,
458 791 563 870 mille
577 788 862 868 millesimarum
877 787 1046 887 partium
1064 810 1146 867 non
1166 790 1338 870 excedet
1355 813 1478 868 unum
1490 805 1552 870 to.

213 915 329 1002 tum3
355 897 434 975 imo
461 890 631 973 'ursinitae
655 905 785 988 partes
805 885 1069 978 infinitesimae
1094 890 1402 994 magnitudinem
1426 895 1548 996 suain,

212 1005 321 1101 cujus
341 1001 433 1078 suut
459 990 906 1108 partes-'infinitesimffi
934 1015 1015 1070 nori
1043 1012 1260 1092 exuperant
1281 1023 1294 1098 3
1331 992 1455 1100 Quod
1476 997 1547 1073 vel

210 1103 381 1184 maxime
407 1095 568 1198 patescit
594 1117 635 1175 iii
652 1093 752 1174 serie
778 1091 929 1186 infinita
955 1115 1208 1175 numerorum
1236 1097 1549 1176 decrescentium

207 1229 305 1306 W·
327 1211 380 1302 titi
394 1209 448 1304 'ii
466 1208 519 1302 i>
546 1207 623 1299 1⁴3³
644 1206 701 1300 ,ᾗ
723 1194 798 1279 310·
823 1195 983 1294 ‚summa
1007 1199 1125 1296 hUJ'US
1147 1197 1261 1290 seriei
1288 1200 1329 1278 iii
1358 1195 1555 1278 infinitum

215 1301 460 1385 continuatae
477 1317 558 1378 non
582 1295 751 1376 excedet
773 1295 978 1376 unitatem.
1030 1300 1160 1376 idsls.
1190 1301 1299 1406 Quid
1312 1297 1433 1378 inde?
1477 1325 1580 1380 ma-¹

209 1401 446 1512 .gnitudines
466 1397 618 1504 quippe
638 1422 721 1480 nou
747 1400 1020 1480 mensurantur
1041 1400 1209 1499 partium
1234 1401 1391 1482 suarum
1417 1427 1552 1485 nume·
1612 1442 1613 1446 κ
1708 1403 1714 1420 “

216 1533 265 1592 ro
285 1519 350 1586 aut
363 1498 643 1600 multitudine,
670 1497 737 1580 sed
759 1501 979 1602 quantitate
1005 1523 1156 1584 earum.
1197 1509 1275 1585 ·An
1293 1501 1397 1583 enim
1416 1525 1466 1581 ex
1485 1529 1553 1605 eo,
1685 1557 1688 1564 ·

208 1607 418 1715 quodtam
437 1600 870 1701 bexapedal'arisiensis
883 1628 998 1706 quarn
1020 1629 1141 1721 orgya
1149 1605 1385 1686 Viennensis
1397 1603 1438 1686 in
1455 1630 1555 1688 tooo

217 1727 348 1815 partes
366 1705 490 1789 dividi
508 1718 654 1810 queat,
684 1703 859 1804 aequa‘les
879 1721 997 1786 erunt
1019 1725 1231 1809 utriusque
1250 1710 1416 1805 partes?
1442 1707 1555 1786 mini·

215 1837 281 1892 me
300 1809 474 1914 gentium
493 1834 506 1910 3
533 1803 762 1886 dividantur
785 1804 933 1907 quippe
956 1807 1243 1925 magnitudines
1269 1808 1350 1888 illae
1366 1805 1406 1889 in
1426 1805 1554 1886 infini-

208 1934 271 1997 tas
287 1929 444 2012 partes,
464 1906 793 2012 quemadmodum
812 1907 1101 2008 magnitudines
1119 1910 1198 1988 illae
1212 1907 1434 2011 inaequales
1450 1909 1554 2009 sunt,

213 2024 331 2104 eruut
349 2014 470 2096 etiam
486 2025 616 2111 partes
632 2025 830 2110 perpetuo
842 2007 1073 2114 inaequales.
1127 2010 1179 2090 ad
1198 2017 1254 2087 W.
1281 2013 1394 2111 Nego
1414 2007 1554 2112 seque-

217 2123 321 2220 lam3
349 2115 495 2196 sienim
524 2114 575 2191 ob
596 2110 894 2190 divisibilitatem
922 2109 1113 2192 infinitam
1139 2137 1191 2191 ex
1218 2111 1341 2192 unico
1358 2111 1451 2190 tauri
1470 2135 1555 2210 grat·

213 2245 271 2300 no
288 2231 397 2298 totus
419 2214 542 2314 posset
570 2231 764 2294 terrarum
794 2213 900 2290 orbis
927 2213 1110 2316 contegi,
1147 2212 1312 2292 deberet
1339 2209 1437 2292 'illud
1466 2209 1552 2288 auri

215 2343 380 2424 granum
402 2317 515 2396 etiam
539 2314 696 2418 physice
723 2313 765 2392 in
786 2327 862 2390 tam
889 2312 1111 2396 immensam
1139 2315 1306 2415 partium
1333 2311 1551 2393 multitudi-
1588 2349 1589 2352 κ

217 2445 307 2502 nem
322 2417 427 2522 posse
444 2414 585 2515 dividi,
606 2413 715 2517 quod
731 2413 820 2492 sane
838 2439 955 2494 nemo
975 2415 1120 2496 dixerit
1137 2436 1152 2512 ς
1180 2431 1217 2494 at
1237 2437 1336 2496 vero
1354 2436 1428 2513 per
1445 2437 1556 2494 men·

215 2539 299 2602 tem
321 2521 484 2598 unicum
514 2515 610 2598 illud
641 2538 802 2619 graniun
832 2515 872 2596 in
899 2529 982 2612 tot,
1012 2517 1092 2599 imo
1124 2516 1293 2598 infinitas
1321 2527 1451 2614 partes
1478 2515 1555 2596 esse

213 2622 429 2717 divisibile,
459 2641 679 2736 quanquam
708 2629 904 2718 perceptu
931 2617 1091 2701 difficile
1114 2620 1159 2698 sit
1176 2671 1195 2718 s
1218 2619 1312 2700 nihil
1330 2635 1460 2696 tamen
1484 2641 1555 2697 ve·

216 2724 320 2806 ritati
344 2721 498 2820 officit3
547 2719 706 2798 Sienim
726 2741 778 2799 ne
796 2720 873 2798 hoc
900 2719 1062 2824 quidem
1088 2721 1305 2818 concipere
1334 2717 1551 2818 possumus,

214 2823 427 2930 quomodo
441 2847 571 2903 unum
588 2845 747 2921 granum
766 2821 883 2920 auri,
913 2823 1023 2924 quod
1046 2825 1165 2936 cbiiff.
1194 2829 1321 2920 Bpltip
1345 2834 1380 2896 i'n
1409 2819 1489 2896 tiro
1516 2819 1554 2897 dc

217 2945 301 3010 mira
317 2936 512 3034 effluatorum
526 2923 693 3014 subtilitate
711 2921 862 3017 refert,
891 2922 931 2998 in
953 2947 1078 3006 10000
1094 2919 1261 2999 visibiles
1279 2935 1407 3022 partes
1420 2919 1553 2997 secer-

217 3035 260 3115 ni
276 3029 413 3135 possit7
442 3021 640 3104 difficilius
662 3019 854 3102 infinitam
880 3019 1209 3103 divisibilitatem.
1238 3043 1283 3100 er
1307 3017 1548 3102 intellestum

213 3133 291 3213 'asse
320 3153 479 3212 ueniur.
533 3121 670 3205 Oritur
685 3123 774 3202 haec
790 3121 1031 3223 intelligendi
1049 3121 1181 3204 similia
1199 3046 1464 3202 difficultates
1476 3148 1542 3224 eo,

217 3161 326 3353 quod
341 3243 547 3334 nunquam
567 3241 642 3304 tain
659 3226 827 3304 minutas
839 3242 979 3404 partes
998 3225 1230 3308 abinvicem
1246 3223 1435 3326 separatas
1460 3224 1545 3306 seii-

218 3337 322 3414 sibus
347 3333 536 3432 usurpare
559 3329 768 3406 valeamus.
866 3327 958 3407 lura
983 3329 1023 3408 in
1051 3324 1279 3409 Geometria
1306 3339 1414 3406 certa
1439 3328 1544 3425 sunt,

214 3457 315 3538 :quae
333 3432 580 3512 nibilominus
600 3427 827 3508 difficillime
842 3426 1138 3530 intelliguntur:
1164 3455 1202 3506 v.
1215 3453 1252 3528 g.
1273 3430 1548 3529 angulumtan·

222 3535 351 3640 gentis
370 3532 541 3611 &arcus
554 3537 615 3630 (·§.
630 3555 678 3610 10
700 3533 909 3632 Titianam.)
927 3545 1002 3609 tam
1031 3532 1229 3638 angustum
1250 3529 1357 3630 elle,
1379 3529 1552 3608 utnulla

219 3631 554 3730 alialinearetla,
584 3651 677 3734 quae
700 3634 1059 3730 angulumacutum
1086 3633 1334 3715 nettitineum
1354 3631 1549 3728 efficeret,

94 3761 105 3772 “
218 3741 259 3820 in
275 3733 585 3834 illumangulum
603 3732 781 3813 incidere
801 3733 926 3833 possit.
993 3740 1043 3812 id
1057 3745 1097 3814 V.
1126 3731 1332 3814 Infinitum
1351 3732 1479 3828 potest
1499 3734 1551 3819 al-

214 3859 307 3921 tero
322 3835 476 3920 infinito
498 3833 578 3912 else
602 3837 725 3935 maius
744 3849 808 3916 aut
832 3832 990 3938 ninus,
1018 3837 1055 3914 da
1074 3839 1129 3916 ,ali
1160 3832 1243 3916 uod
1267 3829 1463 3916 inlinitum
1483 3836 1546 3914 ha·

214 3947 284 4023 -bet
301 3945 424 4022 altero
444 3940 574 4036 plures
595 3957 723 4036 partes
742 3961 754 4030 ς
810 3941 931 4016 Certo
958 3935 1027 4040 qui
1055 3863 1360 4040 consideraverit
1378 3935 1543 4039 lineam,

220 4048 265 4122 ab
280 4071 358 4123 una
375 4041 441 4121 sua
458 4038 705 4118 extremitate
733 4037 989 4120 ininfinitum
1013 4037 1207 4139 produci,
1235 4037 1421 4118 satebitur
1437 4043 1545 4119 ultro

218 4169 299 4226 eam
316 4146 507 4227 minorem
524 4140 602 4220 elle
621 4165 666 4219 ea
682 4141 812 4237 linea,
825 4163 934 4320 ἑμιεε
950 4142 996 4219 ab
1019 4153 1189 4244 utraque
1205 4142 1270 4221 sua
1294 4143 1545 4258 extremitate

887 4265 912 4323 2
1280 4297 1283 4304 ·
1452 4268 1493 4323 in
1518 4277 1531 4312 ·.
