3782 4958
248 446 1486 584 anaanxltt.batnonsraumn.meinamma.2113v
1628 517 1630 524 ·

164 675 263 742 rum
284 657 483 740 connexio
499 683 589 740 cum
607 657 649 738 vi
674 655 874 738 effettrice
887 657 1120 766 percipitur
1151 658 1352 742 difficilius
1360 669 1378 765 '3
1396 651 1521 768 ¹quod

169 763 310 864 utique
332 763 390 843 est
407 762 642 862 ignorantiae
661 763 796 840 velum
816 760 1052 866 obtendere,
1070 763 1108 842 dt
1125 763 1302 862 ignotum
1319 789 1391 862 per
1403 768 1520 945 igno-

162 881 254 944 tum
271 879 407 944 contra
426 863 643 963 genuinum
670 862 848 968 Phyfices
877 863 1057 946 ordinem
1085 865 1309 968 explicare3
1344 867 1420 948 hau

170 991 263 1064 cus,
288 990 334 1044 ac
355 965 664 1066 fiinterrogatus
678 965 867 1081 quispiam
886 998 899 1050 a
935 993 1012 1070 qua
1031 967 1142 1047 causa
1159 967 1389 1066 impellente
1403 969 1520 1051 horo·

168 1069 267 1170 legii
305 1065 425 1147 index
458 1069 631 1150 horarias
666 1067 919 1166 digressiones
953 1066 1175 1172 perficiat?
1224 1067 1517 1172 responderet3

167 1172 271 1252 hanc
296 1171 418 1252 inesse
443 1168 654 1272 horologio
680 1169 871 1250 occultam
913 1173 1159 1274 qualitatem,
1184 1184 1229 1249 ut
1253 1171 1336 1252 ·hoc
1359 1168 1522 1350 prorsus

1464 867 1522 948 se·
1581 909 1582 913 κ

169 1275 291 1356 modo
318 1289 535 1354 moveatur.
613 1269 720 1378 Quid
746 1296 844 1352 vero
871 1273 958 1354 sunt
982 1273 1152 1355 ocoultae
1178 1271 1262 1352 illae
1287 1298 1362 1376 qua
1379 1274 1515 1360 itatesi

167 1404 249 1484 qua
272 1373 425 1454 ratione
451 1376 624 1459 influunt
649 1373 690 1452 in
717 1369 899 1454 offellum
926 1375 1075 1457 suum?
1104 1375 1192 1476 quis
1219 1375 1314 1456 aufit
1341 1373 1425 1455 illas
1443 1399 1519 1476 pro

158 1477 290 1562 causas
315 1474 498 1560 audatior
530 1474 767 1575 venditare,
786 1487 888 1579 'quas
911 1493 1041 1558 tamen
1069 1479 1201 1558 causas
1225 1476 1295 1556 fibi
1323 1477 1521 1578 occultas,
1626 1555 1628 1560 .

157 1580 466 1682 incognitasque
495 1580 602 1660 ultro
627 1577 874 1678 profitetur?
923 1579 1049 1662 Satius
1076 1595 1186 1659 certo
1212 1577 1341 1658 suisset
1365 1577 1519 1679 Peripa-

161 1683 294 1764 teticis
310 1683 411 1782 illis,
436 1707 524 1764 turn
545 1681 703 1780 longius
715 1679 824 1760 abire
855 1703 906 1764 ne
935 1681 1103 1760 lexerint
1126 1680 1168 1760 in
1193 1679 1368 1761 veritatis
1384 1679 1518 1784 inqui·

159 1786 328 1885 ffitione,
354 1783 616 1884 ignorantiam
638 1783 744 1864 suam
760 1781 802 1860 in
826 1707 1039 1866 effeduum
1068 1782 1226 1864 illorum
1255 1781 1518 1880 explicatione

155 1887 369 1990 profiteri,
395 1913 512 1988 quarn
529 1881 577 1964 ad
599 1883 797 1964 causarum
822 1885 1088 1984 occultarum,
1115 1907 1204 1985 quae
1231 1883 1357 1966 nullas
1387 1884 1429 1966 in
1456 1885 1517 1966 in·

163 1987 368 2170 teqeilum
392 1983 777 2086 ideas-refundunt,
811 1985 956 2096 asylum
988 1985 1202 2066 desultoria
1240 1985 1398 2066 levitate
1426 2012 1520 2070 con·

161 2117 219 2176 vo
236 2114 318 2174 are.
1035 2141 1036 2146 a

302 2189 515 2298 Qualitates
552 2190 675 2290 igitur
708 2189 880 2269 occultas
918 2191 1086 2291 penitus.
1104 2187 1280 2292 rejicio,
1314 2215 1397 2272 non
1433 2189 1520 2292 qui-

159 2296 254 2375 dem
313 2289 400 2374 uod
441 2293 616 2375 omnium
665 2283 866 2372 causarum
904 2295 1170 2395 cognitionem
1205 2290 1305 2371 elato
1349 2291 1519 2391 superci-

161 2399 221 2480 lio
239 2397 293 2478 mi
326 2395 334 2412 ‘
362 2395 596 2493 attribuam,
623 2391 807 2497 aquibus
833 2392 1001 2476 mirandi
1024 2392 1183 2498 plurimi
1204 2391 1367 2476 effeetus
1393 2393 1518 2494 profi·

161 2499 395 2600 ciscmtu13
436 2497 729 2582 scutariorium
742 2493 888 2612 quippe
917 2499 1072 2600 legibus
1099 2495 1278 2578 artesatla
1305 2496 1370 2578 sua
1387 2495 1518 2576 invol—

155 2604 226 2684 -vit
249 2601 423 2686 Divinus
445 2601 622 2701 Opisex,
648 2600 725 2680 hoc
743 2621 794 2714 ,tn
824 2599 1023 2698 spectabili
1050 2599 1202 2684 mundo
1243 2597 1517 2700 occurrentia,

152 2729 281 2813 quam
300 2717 345 2784 ut
362 2730 383 2780 a
399 2717 614 2782 creatamm
633 2714 820 2782 mentium
838 2701 1002 2783 infirmo
1022 2701 1203 2784 acumine
1237 2699 1347 2780 illico
1396 2715 1520 2780 ueant

3 2825 4 2828 ‘
147 2803 481 2908 *comprehendi3
531 2803 696 2884 attamen
722 2801 926 2906 physicae,
952 2830 1031 2906 qua
1055 2804 1175 2902 licet,
1202 2799 1334 2882 causas
1359 2831 1380 2881 a
1411 2825 1520 2901 erre,

164 2912 225 2992 est
242 2905 452 2990 necessum.
503 2903 681 3008 Ideoque
710 2917 859 2986 motum
885 2909 1065 3007 sympathia
1082 2920 1208 3004 atque·
1223 2907 1406 3010 neptalia
1423 2925 1521 2984 con·

139 3013 289 3096 --stituo
304 3009 348 3092 in
374 3005 540 3088 diversis
562 3005 728 3090 effluviis
758 3005 952 3088 variaaum
980 3005 1278 3108 particularum,
1305 3026 1518 3106 ecorpore

160 3118 208 3196 in
228 3136 375 3212 corpus
391 3109 558 3194 diffitum
583 3105 887 3212 provesiarum3
915 3106 1131 3210 praesertim
1150 3132 1239 3189 cum
1262 3107 1417 3191 nullum
1428 3132 1519 3190 cor·

161 3242 245 3322 pus
261 3211 418 3312 concipi
437 3214 551 3314 poffit
566 3210 608 3296 in
627 3207 734 3294 aliud
762 3235 899 3313 agere,
924 3211 999 3291 nist
1024 3209 1125 3290 illud
1150 3210 1302 3314 reipsa,
1326 3211 1364 3292 bt
1389 3211 1441 3312 ph
1471 3209 1518 3290 sr-
1545 3289 1549 3296 ,

162 3343 216 3398 ce
234 3318 462 3414 contingat3
489 3317 527 3396 ba
552 3312 729 3414 quamvis
753 3315 950 3414 tangentia
975 3314 1042 3394 illa
1069 3313 1224 3394 effluvio
1248 3333 1405 3392 omnem
1428 3235 1516 3394 dn-

162 3423 280 3504 suum
302 3419 425 3498 aciem
442 3415 652 3498 subtilitate
670 3416 737 3498 sua
768 3413 971 3517 effugiant,
987 3415 1139 3496 ratione
1155 3431 1308 3515 tamen,
1335 3439 1432 3514 quae
1447 3415 1519 3493 lux

160 3518 298 3606 omnis
314 3533 468 3602 nattuae
494 3519 574 3622 est,
600 3515 984 3618 deprehenduntur:
1011 3541 1141 3620 neque
1166 3515 1276 3600 alind
1301 3513 1515 3630 discrimen

162 3626 224 3706 est
240 3625 348 3703 inter
363 3634 536 3723 patentes
559 3619 722 3704 offellus
746 3637 928 3722 naturae,
952 3639 1066 3722 atque
1092 3634 1199 3700 inter
1221 3615 1420 3720 quospiam
1444 3639 1518 3694 mr·

163 3727 338 3824 rabiles,
363 3725 435 3804 nist
456 3723 561 3826 quod
584 3723 708 3805 causae
726 3723 866 3808 horum
885 3723 1150 3825 posteriorum
1165 3719 1337 3802 exilitate
1354 3716 1518 3802 sualen-

166 3831 283 3912 suum
299 3825 540 3928 vigilantiam
556 3825 728 3908 eludant.
1191 3865 1194 3872 ·
1450 3843 1460 3862 ·

250 4058 252 4064 -
360 4007 502 4116 Sylloge
522 3995 708 4112 aselinum
728 4001 946 4112 Sympotht'ae
964 4017 1075 4108 atque
1097 3999 1339 4110 Antipathiae.

168 4144 537 4324 i339·1·RA<J¹'1
557 4142 835 4258 Ipeeacnpnhae
859 4141 982 4260 amico
1000 4135 1168 4242 quodam
1198 4140 1351 4258 foedere
1365 4135 1521 4262 ‚devin-

117 4393 119 4398 .
452 4263 555 4344 mnu
572 4270 699 4354 aur03
728 4269 770 4322 m
787 4267 838 4429 ep
856 4267 1004 4436 quippe
1028 4243 1144 4352 loco,
1165 4243 1235 4330 ubr
1253 4245 1521 4420 crescitssof
