3792 4958
237 511 522 630 exsuscito
538 507 625 588 XV.
643 503 1296 612 DaFumnoauMAEqumrna.
1360 537 1434 598 aot

4 691 6 704 ’
149 697 324 774 obturata
351 707 476 774 autem
509 691 643 773 rursus
672 703 850 790 apertura
869 695 936 790 H,
962 689 1198 812 inversoque
1220 695 1344 797 vase,
1371 693 1492 796 fiper

145 795 347 878 orificium
366 800 385 874 Ι
403 820 499 898 aqua
521 793 648 876 insula
677 791 797 874 luerit
821 818 833 894 3
863 792 949 870 haec
973 800 1102 872 aerem
1128 821 1171 876 in
1196 801 1236 879 A
1260 815 1489 880 contentum

147 898 248 978 adeo
268 897 522 998 comprimet,
548 913 591 979 ut
607 895 711 986 idem
730 903 797 974 adr
810 917 888 998 per
906 895 1041 975 tubum
1063 899 1130 977 EF
1154 899 1234 977 vim
1256 901 1339 981 suae
1364 901 1489 982 elalii-

4 1013 6 1044 ⁷
145 1000 268 1080 citatis
291 1002 334 1078 in
359 999 574 1100 subjettum
589 995 729 1081 vinum
749 1011 954 1101 exerceat,
978 995 1159 1104 illudque
1171 999 1342 1104 'prelium
1363 1027 1435 1104 per
1450 1007 1487 1084 K

4 1091 6 1162 ἵ
145 1125 194 1187 ex
211 1101 416 1202 epistomio
436 1106 471 1180 G
489 1101 694 1204 propellat.

243 1207 317 1282 VI.
351 1201 581 1285 Artificiosa
608 1201 768 1284 demum
795 1197 951 1282 Tantali
986 1199 1131 1301 potatio
1156 1201 1221 1282 hic
1250 1227 1490 1285 commemo·
1511 1224 1585 1304 Tui.
1605 1233 1662 1308 ιχ,

4 1331 5 1350 ¹
146 1305 223 1386 rari
243 1318 447 1388 meretur:
497 1303 718 1389 Allumitur
739 1329 825 1404 vas,
852 1305 965 1406 cujus
992 1300 1178 1387 medietas
1196 1307 1310 1408 septo
1325 1311 1406 1389 ΑΛ
1424 1329 1488 1386 ex·
1509 1333 1567 1434 ng,
1577 1330 1613 1408 6,

144 1407 226 1488 atie
254 1402 443 1490 lateribus
471 1405 672 1506 adjacente
698 1405 971 1500 discernatur3
1011 1404 1052 1482 in
1081 1407 1177 1508 septi
1204 1405 1337 1487 medio
1364 1423 1488 1508 pateat

143 1510 343 1611 foramen,
359 1535 432 1612 pro
450 1509 683 1612 excipiendo
702 1510 801 1592 tubo
819 1513 900 1608 Be,
917 1521 1100 1587 accurate
1125 1505 1342 1606 commill02
1363 1511 1487 1591 utrin-

4 1615 6 1710 ᾗ
143 1635 222 1728 que
239 1629 400 1714 aperto,
425 1631 541 1716 atque
560 1637 609 1692 ex
627 1611 821 1713 superiori
838 1608 934 1686 vasis
950 1609 1119 1692 tabulato
1145 1611 1192 1689 ad
1217 1607 1384 1696 inferius
1400 1637 1487 1714 per·
1600 1599 1605 1626 i

4 1759 5 1768 τ
144 1732 337 1814 ungente.
389 1713 590 1816 Superiori
608 1712 710 1818 parti
727 1713 842 1815 hujus
861 1709 948 1790 tubi
965 1708 1166 1814 adaptatur
1183 1715 1312 1813 figura
1327 1715 1484 1795 masculi

143 1817 328 1918 recurvi,
354 1817 566 1897 Tantalum
586 1829 782 1918 potantem
813 1812 1040 1912 referentis,
1066 1815 1177 1914 cirjus
1192 1817 1332 1903 statura
1356 1816 1486 1898 media
1620 1853 1622 1856 ·

4 1925 5 1938 '
142 1915 315 2000 inferior
330 1936 514 1999 excavata
532 1919 599 2020 fit,
623 1919 662 1998 dr
685 1911 887 1994 excavatio
910 1913 1001 1992 haec
1029 1912 1073 1990 fit
1097 1915 1212 1996 latior
1234 1918 1332 1998 tubo
1355 1920 1486 1998 ascen·

4 2047 6 2092 ;
145 2017 272 2100 dente¹
287 2027 364 2103 CB.
411 2019 519 2099 uass
535 2021 652 2122 hujus
669 2019 816 2120 ligurae
833 2013 935 2096 artie
963 2016 1070 2118 septo
1089 2025 1162 2098 AA
1181 2016 1389 2122 adhaereat,
1400 2025 1486 2103 nul·

148 2755 231 2820 tum
247 2751 324 2816 tam

4 2143 6 2224 ᾖ
143 2124 179 2202 la
192 2141 241 2204 ut
257 2138 320 2202 aut
338 2121 444 2222 a'eri,
469 2139 536 2204 aut
563 2121 710 2225 liquori
761 2117 900 2198 atescat
926 2117 1086 2196 acceffio
1113 2117 1299 2224 interior,
1324 2133 1497 2221 praeterJ

142 2249 262 2329 quam
279 2249 353 2328 per
367 2223 545 2302 foramen
562 2229 621 2324 E,
646 2146 760 2325 quod
771 2218 818 2297 ad
840 2220 996 2298 Tantali
1042 2217 1155 2300 edem
1176 2221 1370 2326 aperitura
1414 2227 1488 2304 Ita·

4 2357 6 2364 ⁴
138 2408 141 2415 ,
168 2350 222 2409 ue
241 2325 270 2404 st
289 2353 387 2432 aqua
403 2322 452 2404 ad
471 2325 719 2428 superiorem
745 2339 896 2425 partem
913 2247 1139 2422 vafisiujus
1162 2345 1338 2427 eousque
1359 2325 1488 2406 infusa

142 2356 288 2530 inerit,
312 2447 358 2510 ut
376 2451 421 2508 os
438 2429 593 2508 Tantali
620 2424 838 2525 contingat,
866 2421 1051 2505 ascendet
1075 2423 1210 2504 eadem
1230 2453 1328 2529 aqua
1342 2451 1416 2531 per
1431 2429 1488 2510 so·

140 2553 279 2614 ramea
299 2535 335 2616 E
353 2528 540 2634 ingrella,
562 2551 690 2632 usque
714 2527 807 2606 dum
828 2523 875 2605 ad
899 2525 1099 2608 orificium
1125 2529 1214 2610 tubi
1235 2533 1301 2611 BC
1318 2529 1487 2632 pertige-

4 2685 5 2714 τ
146 2633 217 2736 rit,
244 2649 333 2714 ruet
358 2655 410 2714 ue
429 2631 531 2713 satio
549 2631 697 2732 impetu
722 2653 795 2732 per
819 2629 1053 2746 tubum'llc
1078 2628 1121 2708 in
1151 2629 1317 2712 interius
1340 2634 1488 2713 tabula-

327 2659 419 2834 dm,
444 2731 631 2836 quamdiu
651 2731 725 2812 alia
744 2731 782 2809 dr
798 2731 871 2809 alra
890 2757 987 2832 aqua
1006 2757 1048 2810 m
1065 2755 1131 2810 vas
1150 2731 1394 2814 affundetur:
1421 2742 1490 2812 aer

4 2837 6 2924 J
148 2860 247 2920 vero
258 2839 311 2915 ¹ab
331 2839 510 2917 affluente
527 2863 626 2939 aqna
640 2858 713 2935 per
728 2832 905 2910 foramen
922 2835 958 2910 G
977 2833 1197 2934 expelletur
1213 2859 1226 2935 3
1279 2838 1330 2915 Et
1347 2833 1487 2913 ficexi.

148 2937 561 3023 stimabiturTantalus
578 2933 736 3016 affusam
763 2957 898 3034 aquam
929 2947 1119 3036 perpetuo
1134 2934 1302 3016 haurire.

244 3044 380 3144 5228.
404 3038 453 3118 Id
465 3063 602 3128 unum
622 3035 810 3140 superest„
827 3048 871 3114 ut
892 3031 943 3112 de
963 3031 1121 3141 liquidis
1137 3059 1160 3115 e
1177 3037 1269 3116 vase
1312 3035 1488 3118 rofilien-
1506 3056 1653 3160 aqum,

147 3142 252 3226 tibus
271 3141 492 3246 paucillima
509 3138 681 3220 delibem
711 3165 720 3216 ε
763 3135 828 3253 ‚sit
841 3135 968 3256 vasis,
1000 3132 1221 3242 cylindrica
1235 3063 1310 3254 vei
1332 3141 1486 3240 prisma·
1496 3164 1655 3263 postam.

145 3245 223 3326 tica
240 3243 372 3348 ligura
406 3239 597 3346 praediti,
626 3244 663 3322 uz
689 3241 923 3354 honzontalr
950 3239 1023 3321 fitu
1046 3244 1114 3320 EF
1137 3241 1299 3342 jacentis
1322 3241 1484 3326 altitudo
1502 3279 1555 3334 m.

146 3353 224 3430 Bc.
276 3355 338 3440 Ex
370 3343 503 3427 medio
542 3353 583 3424 A
618 3345 734 3443 hujus
761 3339 975 3423 altltudinis
1000 3343 1194 3425 formetur
1218 3341 1484 3428 semicirculus
1505 3365 1560 3436 Ta.
1580 3365 1635 3437 tx,

146 3451 269 3535 BDc.
320 3447 378 3530 Sit
393 3448 571 3528 foramen
585 3453 622 3528 H
645 3475 658 3546 3
687 3468 735 3522 ex
749 3450 788 3523 H
813 3440 973 3526 ducatur
998 3442 1335 3548 perpendicularis
1356 3447 1398 3524 in
1417 3449 1453 3526 G
1472 3479 1483 3530 ε
1492 3459 1551 3563 fig.
1576 3480 1611 3558 7.

4 3559 5 3644 J
145 3549 261 3632 uti&
278 3573 328 3630 ex
345 3552 389 3652 1,
413 3549 622 3656 quodcum
644 3555 682 3629 H
711 3545 901 3648 aequalem
921 3573 942 3624 a
966 3545 1098 3627 medio
1119 3555 1160 3628 A
1181 3544 1400 3628 distantiam
1418 3550 1482 3628 ha·

4 3665 5 3704 ³
145 3649 259 3754 beat,
285 3649 450 3734 ducatur
465 3645 803 3755 perpendicularis
826 3648 868 3728 in
886 3650 932 3728 tt
982 3655 1104 3732 Porro
1132 3647 1294 3729 ducamr
1317 3669 1485 3750 perpen-

4 3773 5 3776 ’
143 3753 330 3838 dicularis
353 3777 402 3832 ex
431 3761 472 3834 A
494 3753 539 3832 in
557 3754 599 3835 D
623 3779 637 3856 3
673 3764 790 3830 erunt
814 3753 1105 3852 GH,1K,AD
1132 3751 1251 3830 latera
1276 3747 1509 3852 quadrato--

4 3887 5 3890 ‘
59 3930 62 3936 s
145 3883 246 3942 rum.
296 3855 481 4037 Itapuesr
508 3879 556 3932 ex
572 3852 766 3936 foramine
786 3867 918 3956 aperto
946 3861 984 3933 H
1007 3877 1105 3954 aqua
1128 3849 1364 3954 profiliem't,
1389 3853 1483 3934 item

4 3989 5 4050 ῑ
145 3983 193 4040 ex
211 3974 347 4063 aperto
379 3957 556 4038 oramine
577 3961 618 4058 Ι,
642 3953 839 4058 pertinget
854 3967 1020 4056 utraque
1038 3975 1163 4056 usque
1180 3953 1220 4030 in
1243 3957 1308 4056 M,
1326 3951 1484 4056 duplam

4 4095 5 4102 ¹
146 4086 289 4164 nempe
308 4051 523 4142 distantiam
542 4063 619 4140 HG
638 4059 703 4142 vel
718 4059 776 4136 IK
792 4083 817 4158 3-
857 4061 918 4138 Ex
939 4051 1071 4138 medio
1089 4073 1215 4137 autem
1235 4055 1425 4138 foramine
1444 4071 1483 4140 A

4 4157 5 4160 Ὺ
141 4163 262 4284 jairus
277 4161 440 4265 longior
466 4161 686 4264 efficietur,
710 4183 823 4264 quam
842 4181 891 4238 ex
909 4157 1091 4243 omnibus
1110 4157 1194 4240 aliis
1213 4161 1353 4263 apertis
1373 4160 1485 4242 orjfi.

143 4289 236 4372 cm,
262 4289 404 4370 nempe
420 4263 605 4371 usquein
627 4257 838 4452 L3qr‘130dc
859 4266 928 4346 CL
946 4259 1111 4367 duplum
1127 4261 1248 4368 ipsius
1262 4263 1432 4446 Alli&m
