3782 4958
374 483 1163 575 Pmmmmxnnmmmm
1372 513 1445 596 am

157 677 316 758 luminis
331 676 614 777 irnpreffione,
639 695 690 755 eo
715 673 824 777 quod
843 673 986 775 finguli
1011 675 1168 756 colores
1191 675 1335 756 summa
1353 680 1495 763 celeri-

155 794 233 858 tate
250 781 289 856 se
311 779 618 878 consequentes,
644 777 686 854 in
709 775 851 856 eodem
872 778 960 856 loco
975 777 1269 880 impressionem
1286 781 1411 884 alant,
1431 810 1495 864 us

153 905 233 984 que
251 877 343 960 dum
362 880 515 980 plures,
541 880 670 958 locum
688 877 799 960 illum
822 878 1096 980 decurrentes,
1122 879 1347 979 generalem
1373 912 1494 987 quan=

153 983 241 1061 dam
259 982 358 1064 lucis
381 983 682 1082 ¹perceptionem
700 981 744 1062 in
767 979 942 1061 sensorio
965 983 1204 1082 progignant
1226 1010 1239 1084 3
1266 981 1369 1066 ha'ud
1386 988 1494 1068 secus

6 1142 19 1170 .
153 1109 199 1166 ac
217 1110 339 1184 pruna
357 1082 603 1164 velociffime'
620 1082 890 1164 circumrotata
908 1083 1068 1182 igneum
1087 1100 1278 1188 perpetuo
1296 1085 1492 1170 circulum

152 1188 440 1286 repraesentat3
466 1185 560 1365 quia
574 1207 718 1286 nempe
735 1184 890 1286 sensus,
916 1185 958 1264 in
975 1183 1138 1266 diversis
1160 1186 1298 1267 circuli
1318 1191 1491 1288 partibus

151 1315 317 1388 apruna
336 1287 463 1386 impre
492 1312 552 1386 us,
573 1287 795 1388 perseverat
813 1309 863 1368 eo
952 1309 1019 1391 ue,
1044 1287 1171 1369 donec
1186 1315 1311 1391 pruna
1326 1293 1374 1370 ad
1397 1316 1500 1374 eun--

152 1389 241 1470 dem
258 1393 392 1470 locum
410 1403 638 1486 revertatur.
688 1393 810 1472 Nunc
830 1414 921 1494 quae
957 1392 997 1470 io
1018 1389 1249 1473 definienda
1267 1392 1355 1498 est3
1381 1395 1494 1476 unde

151 1521 240 1574 narn
254 1491 393 1574 caeteri
408 1493 563 1577 colores
588 1490 630 1574 in
653 1493 774 1578 rebus
798 1507 1067 1600 comparentes
1092 1493 1237 1582 ducant
1259 1496 1490 1604 originem?

149 1605 208 1679 &t
501 1725 1142 1826 PROPOSITut

148 1913 279 2021 5471.
295 1917 465 2054 Clllotea'
481 1921 538 1996 alii
562 1925 597 1994 ir
620 1915 705 1994 reta
726 1927 915 2016 proveniunt
938 1941 960 1992 a
983 1920 1107 1994 laminir
1133 1918 1252 2014 radit,
1274 1941 1333 2025 prr
1353 1919 1490 2016 reflexio·
1507 1931 1593 2006 Unde
1610 1958 1659 2008 η.

373 2049 444 2096 nrm
467 2041 526 2098 aar
549 2022 762 2122 resrallr'ontm
786 2019 980 2111 dlvepimode
994 2017 1157 2131 separatis.
1499 2025 1608 2110 tores!
1684 2069 1688 2079 ’

186 2169 190 2174 -
251 2122 352 2198 Nam
371 2122 417 2200 ab
437 2147 485 2200 eo
502 2117 627 2220 repeti
648 2115 794 2198 debent
817 2115 971 2198 colores
995 2142 1037 2198 1n
1058 2119 1177 2199 rebus
1201 2115 1401 2218 corporeis
1424 2141 1487 2195 oc·

150 2240 377 2324 currentes,
400 2222 507 2326 quod
528 2217 779 2300 invariabiles
795 2219 897 2298 lucis
913 2220 1069 2301 colores
1091 2223 1137 2299 ab
1154 2219 1324 2298 invicem
1340 2218 1487 2318 separa-

148 2339 208 2404 tos
226 2326 273 2404 ad
290 2325 446 2404 oculum
492 2337 678 2426 repagat3
706 2345 758 2405 ne
786 2343 837 2401 ue
854 2321 962 2403 eninr
988 2323 1095 2404 ullus
1111 2347 1288 2425 unquam
1306 2335 1412 2400 extra
1430 2320 1486 2400 lu-

148 2449 236 2506 cem
252 2353 512 2526 deprehentllt
528 2425 706 2503 colorem
725 2350 851 2504 ullum
872 2449 884 2526 3
911 2449 982 2526 per
997 2426 1142 2504 variam
1160 2435 1288 2504 autem
1304 2422 1488 2536 reflexio-

148 2551 241 2608 nem
272 2525 331 2606 illi
356 2530 457 2608 vadii
480 2525 674 2626 colorati,
699 2527 768 2628 qui
793 2525 922 2606 lucem
947 2527 1220 2627 constituunt,
1252 2528 1299 2605 ab
1321 2521 1489 2627 objeitrs

149 2629 282 2730 opacis
297 2629 346 2710 ad
363 2631 525 2711 oculum
541 2653 613 2726 pro
627 2627 735 2706 varia
750 2628 960 2727 superficie
982 2631 1020 2710 δι
1039 2643 1233 2712 meatuum
1256 2643 1409 2710 textura
1426 2649 1487 2704 re-

149 2732 282 2811 siliunt
303 2759 316 2830 ς
343 2733 412 2834 qui
431 2733 499 2810 sua
514 2742 646 2810 natura
667 2727 800 2810 donati
818 2729 905 2810 sunt
925 2755 974 2808 eo
991 2735 1142 2831 colore5
1165 2753 1286 2831 quern
1305 2729 1384 2830 ipsa
1400 2753 1485 2805 cor-

148 2861 244 2936 pora
263 2833 481 2916 illuminata
498 2829 686 2910 exhibent
741 2831 896 2910 caeteris
920 2831 1017 2910 lucis
1040 2831 1239 2912 coloribus
1266 2827 1483 2931 absorptis3

149 2961 172 3018 a
188 2933 396 3038 pellucidis
409 2959 508 3014 vero
526 2885 764 3031 corporibus
778 2957 814 3010 v.
824 2951 859 3029 g.
873 2929 977 3010 vitro
990 2931 1110 3012 viridi
1153 2957 1197 3012 er
1208 2931 1486 3013 resrailionem

148 3039 178 3117 ii
196 3036 464 3122 tantummodo
483 3033 584 3114 radii
601 3033 930 3134 transmittuntur,
947 3032 1014 3136 qui
1031 2961 1205 3134 ejustlem
1226 3033 1485 3134 colorissunt,

146 3165 265 3246 quem
281 3137 433 3242 objeita
448 3139 494 3217 ab
513 3137 572 3216 his
585 3135 762 3216 refractis
777 3131 898 3214 radiis
919 3135 1142 3218 collustrata
1168 3139 1380 3238 ostentant,
1407 3159 1487 3216 caea

148 3243 244 3324 teris
261 3239 405 3322 diverfi
424 3239 566 3322 coloris
584 3237 725 3340 radiis,
743 3249 808 3316 aut
834 3236 1015 3340 reflexis,
1033 3254 1098 3320 aut
1126 3239 1341 3343 absorptis:
1369 3237 1487 3318 nimi·

146 3373 236 3428 rum
252 3343 384 3424 radios
399 3339 806 3442 rubroscopiofil'srme
821 3338 989 3419 reflettit
1005 3343 1107 3444 rosa,
1124 3343 1244 3424 violae
1262 3343 1482 3422 violaceus:
1508 3383 1513 3394 x

146 3451 269 3550 igitur
292 3475 313 3525 a
336 3443 455 3525 radiis
482 3439 743 3522 diversrmode
769 3457 832 3520 aut
860 3442 1040 3544 reflexis,
1064 3460 1129 3526 aut
1155 3445 1330 3526 refrattis
1359 3439 1486 3519 omnis

148 3551 262 3630 color
278 3550 335 3629 est
360 3543 606 3648 repetendus
658 3543 716 3626 Sit
738 3567 885 3646 corpus
904 3543 1169 3651 qualicunque
1192 3549 1329 3626 colore
1365 3544 1492 3621 imbu-

146 3669 252 3752 tum,
279 3649 306 3728 sr
329 3649 371 3728 in
396 3649 564 3730 obscuro
589 3645 766 3728 conclavi
785 3670 806 3721 a
826 3646 999 3747 separato
1026 3671 1100 3749 per
1122 3649 1263 3749 prisma
1288 3659 1398 3726 certo
1422 3670 1486 3722 co-

148 3755 274 3835 lorato
294 3748 405 3831 radio
428 3751 528 3829 lucis
541 3776 578 3827 v.
597 3775 632 3851 g.
652 3749 776 3827 rubro
801 3747 1070 3851 illuminetur,
1095 3751 1171 3844 ,erit
1186 3749 1299 3828 etiam
1316 3747 1485 3828 rubrum

147 3879 291 3956 corpus
306 3853 408 3933 illud
423 3875 436 3954 3
464 3850 671 3950 pulvisculi
702 3851 744 3929 in
773 3857 863 3931 aere
879 3849 1089 3932 volitantes
1106 3865 1291 3968 apparent
1309 3851 1487 3950 ejusdem
1573 3921 1579 3928 .

147 3957 223 4038 elie
239 3955 405 4056 coloriS,
431 3958 542 4056 cujus
557 3953 614 4035 est
633 3949 765 4034 radius
783 3950 971 4050 prismatis
991 3953 1191 4035 benefieso
1211 3957 1257 4034 ab
1276 3955 1361 4033 aliis
1380 3955 1485 4056 sepa-

145 4075 270 4157 ratus,
296 4058 362 4161 qui
381 4081 443 4136 eas
462 4057 664 4154 contingit.
717 4051 926 4155 Objeiium
945 4077 1018 4154 pro
1036 4055 1195 4136 diverso
1207 4057 1278 4138 fitu
1293 4061 1367 4161 jam
1377 4059 1487 4136 hunc

145 4165 221 4266 jam
242 4159 356 4238 alium
375 4159 550 4240 colorem
570 4157 755 4256 exhibet3
784 4155 904 4258 aliqui
926 4156 1073 4274 quippe
1092 4157 1193 4240 radii
1213 4161 1486 4255 venenantur,

148 4263 216 4343 alii
234 4259 507 4362 refringantur
529 4279 544 4340 t
571 4257 705 4344 fiauri
723 4257 913 4360 particula
938 4283 982 4342 1n
1007 4262 1264 4348 tenuiffinam
1288 4261 1482 4444 bragleam

1389 4391 1434 4450 u.
