3900 4956
472 501 525 582 80
829 495 837 502 ’
866 541 868 546 ·
993 491 1268 570 Seer10u1s1.·

248 695 409 795 tufiutrum
529 683 567 778 §.
584 677 649 778 69.
677 675 738 754 Ex
756 693 844 778 quo
866 685 1064 791 praeterea
1082 671 1329 790 colligimur,
1356 679 1517 782 spatium
1537 705 1619 762 non
1646 682 1758 764 suiffe

245 803 379 903 spurium
429 809 449 862 a
464 785 559 864 Deo
576 795 752 859 creatum
773 775 1001 858 extensione
1020 773 1172 854 rnfinrta
1190 803 1202 876 3
1230 778 1380 862 srenim
1397 781 1490 861 ideo
1505 783 1613 883 spatii
1629 783 1759 864 infini-

250 905 373 997 ηομερ.
427 903 545 967 tatem
565 881 652 984 quis
673 876 915 984 praetendat,
942 895 987 960 ut
1004 879 1117 957 loeus
1133 877 1249 979 esset,
1278 907 1359 983 quo
1380 886 1493 964 Deus
1517 909 1687 988 corpora
1698 911 1760 982 re-

427 999 620 1094 poneret,
648 983 791 1086 siquae
818 979 925 1060 sorte
949 979 1089 1060 Eidem
1113 994 1263 1082 praeter
1288 984 1389 1068 coeti
1411 987 1554 1089 hujus,
1585 989 1622 1066 dt
1637 1001 1760 1066 terrae

427 1089 639 1170 machinam
649 1085 823 1185 placeret
838 1105 976 1162 creare
994 1107 1006 1184 3
1033 1106 1082 1160 an
1094 1105 1176 1161 non
1194 1081 1298 1162 idem
1317 1086 1576 1189 Omnipotens
1595 1089 1759 1203 Qpisex,

423 1197 452 1276 st
479 1193 549 1270 alia
572 1205 684 1268 extra
706 1189 784 1266 hoc
808 1183 1037 1262 universum
1071 1205 1241 1285 corpora
1266 1185 1541 1290 produceret,
1570 1206 1683 1270 ettam
1710 1185 1762 1268 de

331 1351 334 1356 ι
422 1299 543 1412 spatio
558 1315 667 1369 novo
686 1288 826 1366 iisdem
843 1285 967 1382 posset
986 1284 1238 1386 prospicere,
1253 1291 1587 1391 quemadmodum
1604 1293 1759 1374 increa·
1899 1338 1903 1347 .
1930 1261 1931 1282 ¹

425 1417 537 1475 trone
554 1389 647 1471 huic
665 1385 814 1469 mundo
834 1382 1298 1498 aspettabiliprospexits
1341 1391 1525 1474 Infinitus
1544 1394 1608 1474 ille
1627 1391 1761 1496 prose·

429 1498 493 1576 oo
511 1506 738 1594 permanet,
766 1485 1001 1589 infiniteque
1021 1485 1206 1588 dtffnsus,
1237 1489 1305 1594 qui
1323 1491 1364 1574 in
1379 1496 1582 1598 semetipso
1601 1496 1760 1591 habitat,

430 1615 550 1700 atque
571 1593 611 1674 in
626 1591 775 1672 virtute
789 1589 880 1690 sua,
908 1605 1073 1686 potente
1096 1589 1214 1688 spatia
1230 1597 1375 1692 majora
1399 1596 1436 1676 dt
1455 1599 1600 1696 majora
1616 1599 1656 1678 in
1675 1593 1763 1676 infi-

429 1700 555 1781 nitum
574 1695 821 1798 producere,
850 1690 918 1770 etsr
935 1689 1175 1791 inpraesenti
1194 1692 1446 1796 disposrtione
1464 1699 1585 1778 totius
1606 1697 1762 1777 uniuer-

425 1803 453 1882 si
479 1801 639 1904 spatium
665 1797 710 1876 srt
732 1793 888 1876 finitum
910 1819 923 1896 3
962 1789 1293 1898 quemadmodum
1322 1795 1500 1880 infinitus
1524 1799 1565 1884 in
1589 1796 1761 1882 creando

426 1906 503 2005 est,
533 1905 600 1983 etsi
617 1899 801 1980 haetenus
819 1915 1013 1976 creaturae
1031 1895 1104 1974 srnt
1119 1895 1247 2010 sinitae
1264 1899 1540 1984 multitudinis.

285 2011 385 2081 Lucus
449 2033 454 2043 ·
516 2011 647 2104 spo.
675 2009 794 2096 Lucus,
824 2000 891 2081 seu
916 2021 1010 2110 pars¹
1029 1997 1162 2098 spatii,
1200 2025 1294 2100 quae
1322 2003 1569 2102 partientur-ia
1594 2023 1763 2104 corpora

250 2109 330 2212 quid
344 2109 356 2184 t
427 2107 632 2206 continet,
658 2105 723 2182 vel
748 2103 875 2182 saltem
905 2115 1110 2179 continere
1136 2102 1287 2203 potest,
1314 2127 1521 2204 perperam
1551 2133 1624 2208 pro
1643 2104 1763 2184 inter·

426 2241 475 2296 na
497 2230 710 2312 corporum
729 2203 938 2305 superficie
962 2199 1149 2301 sumitur,
1178 2201 1229 2282 ait
1247 2214 1405 2288 Neutrum
1418 2209 1589 2312 Princip.
1608 2213 1761 2286 Martem.

423 2339 515 2416 pag.
534 2315 558 2390 6
580 2338 592 2411 ς
624 2309 714 2388 haec
726 2307 874 2409 quippe
890 2328 971 2382 non
992 2301 1038 2378 ad
1056 2302 1187 2382 locum
1206 2307 1495 2410 continentem,
1518 2311 1584 2392 sed
1605 2309 1651 2388 ad
1668 2331 1763 2384 con-

427 2429 581 2498 tentum
599 2431 746 2508 corpus
766 2407 937 2507 pertinet
956 2429 970 2504 3
1022 2405 1167 2505 Neque
1183 2407 1298 2489 etiam
1322 2417 1405 2489 lucus
1423 2410 1520 2493 sumi
1542 2411 1668 2512 potest
1688 2429 1762 2508 pro

426 2509 639 2618 superficie
666 2510 905 2592 extrinsecus
932 2526 1101 2618 corpora
1126 2507 1352 2619 ambiente3
1378 2513 1470 2592 haec
1495 2516 1600 2594 enim
1626 2511 1763 2590 immo·

424 2636 470 2700 to
492 2634 665 2712 corpore
682 2609 730 2690 ad
750 2611 942 2694 minimam
963 2617 1061 2684 aens
1081 2609 1328 2706 agitationem
1357 2617 1543 2696 variatur.
1597 2615 1664 2696 Ab
1686 2620 1762 2690 nu·-

416 2727 519 2827 flotese
543 2709 731 2800 definitur
754 2719 836 2794 lauru
855 2711 926 2790 nb.
944 2711 1020 2788 IV.
1048 2713 1240 2806 Ptyſscurum
1269 2723 1350 2820 Cup.
1371 2726 1403 2796 6.
1431 2731 1529 2799 text.
1559 2729 1621 2808 αθ.
1658 2727 1692 2788 τὸ
1723 2735 1763 2782 ua

425 2843 625 2921 πεςιςχονιος
642 2848 740 2916 usquc
757 2820 899 2898 uiutmuu
923 2809 1062 2910 nuru,
1086 2817 1168 2908 ujus,
1193 2817 1280 2917 quud
1302 2827 1456 2918 continet,
1483 2832 1633 2896 terminus
1651 2829 1764 2893 inmo·

423 2928 492 3004 tito
531 2936 630 3001 rimus

506 2951 565 3123 p§.
587 3043 650 3118 71.
676 3025 770 3094 Lucus
792 3015 846 3092 est
865 3009 1234 3192 duplexfsslffmmt
1253 3020 1291 3100 tic
1308 3029 1471 3100 relativas.
1525 3021 1684 3118 Absolutus
1708 3015 1764 3096 est

426 3127 489 3204 illa
514 3123 592 3223 ipsa
618 3141 704 3218 pars
734 3115 840 3212 spatii
863 3114 1073 3191 immobilis
1113 3141 1126 3158 ’
1155 3124 1450 3222 permonemur,
1480 3141 1610 3224 quaea
1632 3119 1763 3200 locato

428 3246 601 3322 corpore
618 3233 848 3314 occupatur.
912 3223 1074 3294 Rulurivus
1101 3239 1201 3296 vero
1229 3225 1282 3302 est
1300 3225 1363 3303 ille
1382 3225 1460 3322 ipse
1477 3228 1615 3324 locus,
1643 3237 1764 3323 prout

429 3325 475 3404 ad
494 3323 565 3401 asia
583 3339 752 3419 corpora
771 3317 972 3432 resertnr,
996 3337 1045 3430 'ac
1070 3341 1141 3414 per
1167 3319 1355 3404 diversam
1382 3325 1592 3406 distantiam
1616 3323 1664 3402 ad
1693 3319 1764 3398 alia

428 3451 598 3527 corpora
614 3420 910 3500 determinatur.
965 3424 1030 3496 Sto
1045 3416 1071 3494 st
1086 3420 1180 3521 quis
1198 3423 1236 3505 in
1257 3428 1345 3506 naui
1367 3428 1552 3508 stabiliter
1570 3425 1762 3524 consistat,

428 3521 935 3636 fivenav,issecundos1ve
962 3517 1125 3598 adverso
1146 3524 1310 3610 flumine
1337 3531 1511 3630 seratur,
1538 3529 1617 3609 five
1646 3524 1762 3608 etiam

429 3631 626 3736 quiescat,
646 3623 805 3709 dicitur
831 3620 1004 3701 eundem
1032 3621 1186 3724 semper
1211 3631 1357 3712 habere
1381 3638 1481 3710 lucum
1508 3638 1696 3718 relativum,
1721 3625 1762 3704 in

428 3727 774 3836 ordinenimirum
793 3723 840 3804 ad
867 3721 1076 3804 distantiam
1110 3725 1147 3804 du
1173 3731 1405 3830 positionem
1430 3733 1596 3812 aliorum
1621 3753 1766 3830 corpo-

430 3861 517 3914 rum
534 3833 572 3911 in
595 3831 683 3910 navi
708 3833 1008 3910 collocatorum.
1063 3831 1186 3929 Quod
1213 3831 1240 3908 s1
1268 3859 1365 3914 vero
1392 3834 1619 3939 quiescente
1646 3831 1761 3928 navi,

433 3935 667 4018 constitutus
687 3931 726 4010 in
746 3958 813 4031 ea,
843 3931 1035 4010 continuo
1054 3931 1188 4010 eadem
1205 3934 1367 4018 statione
1385 3938 1635 4038 perseveret,
1658 3931 1761 4010 idem

432 4043 545 4119 locus
557 4033 751 4118 eritsrmul
769 4037 806 4114 du
823 4038 1201 4143 relativus&absuturu1;
1228 4046 1370 4116 relativus
1381 4039 1419 4115 in
1431 4037 1572 4116 ordine
1584 4035 1630 4114 ad
1641 4047 1763 4115 caete-

430 4165 490 4219 ras
500 4140 607 4216 navis
626 4150 777 4236 partes3
806 4135 1019 4240 &ubfilurun
1044 4144 1083 4220 in
1106 4140 1307 4242 hypothesi
1330 4141 1485 4220 interim
1504 4157 1624 4219 terrae
1642 4131 1764 4214 firmi·

428 4261 491 4324 ter
505 4236 771 4336 consrstentis,
800 4235 890 4316 dum
914 4258 1060 4344 corpus
1084 4239 1214 4321 stantis
1242 4241 1390 4328 intravi
1416 4245 1577 4325 eandem
1611 4239 1761 4336 semper

1535 4423 1541 4434 ,
1603 4355 1712 4426 tenet
