3792 4958
1 865 2 874 ,
144 797 328 876 manserit
343 817 473 910 Qquae
489 798 617 875 fluxus

262 512 600 591 Pnnnrcnoxv.
619 509 994 592 DanutnotuM
1013 510 1278 616 AEqurnrnn.
1360 529 1431 616 185

142 691 318 776 funditas
335 713 448 796 aquae
465 690 682 773 delabentis
700 692 742 772 in
767 709 936 798 utroque
953 690 1223 794 experimento
1242 693 1378 778 eadem
1397 717 1485 796 per-

660 795 793 880 arc'itas
813 821 899 878 cum
923 793 1070 898 jastura
1086 797 1279 878 utentium
1300 797 1486 899 provenit

142 922 195 976 ex
214 907 328 996 aere,
355 921 397 972 m
416 895 519 976 tubis
535 895 613 975 illis
631 822 870 1000 iydraulicis
888 899 1132 999 intercepto,
1157 901 1195 980 δι
1212 927 1232 978 a
1260 925 1323 982 uae
1342 897 1484 982 decur-

142 1001 226 1079 sum
253 994 526 1101 praepediente
624 1001 723 1078 Nam
751 997 932 1080 decurrat
965 1027 1063 1102 aqua
1088 1022 1136 1079 ex
1175 927 1482 1116 hydrophylacio

141 1106 215 1181 AB
232 1123 305 1202 per
321 1101 457 1180 tubum
476 1021 705 1200 plurimum
726 1103 944 1183 tortuosum
964 1103 1064 1202 CR,
1089 1100 1304 1202 recip1etur
1321 1103 1362 1180 in
1380 1105 1480 1183 tubo
1499 1125 1575 1204 Tab.
1618 1135 1645 1210 ι,

142 1203 220 1282 hoc
235 1203 446 1302 plurimum
465 1199 593 1302 adris3
620 1201 691 1282 seu
707 1203 818 1306 quod
843 1201 1042 1282 orificium
1064 1205 1146 1285 tubi
1176 1208 1209 1285 C
1227 1206 1274 1283 ab
1295 1229 1394 1306 aqua
1412 1206 1481 1310 hy·
1499 1231 1537 1302 p,-
1556 1259 1611 1316 ·1·

1 1355 2 1373 l
143 1300 387 1418 drophylacii
407 1327 488 1382 non
510 1301 664 1404 semper
678 1317 802 1384 totum
827 1320 1091 1405 contegatur:
1120 1305 1311 1484 seupuod
1331 1304 1484 1406 primus
1530 1257 1555 1336 g
1585 1359 1586 1363 κ

145 1404 431 1508 aquaerllapsus
454 1425 611 1484 omnem
630 1427 678 1482 ex
699 1405 799 1484 tubo
827 1415 957 1484 aerem
983 1431 1062 1484 non
1092 1429 1191 1486 excu
1221 1407 1323 1502 erit3
1351 1409 1483 1513 itaque

143 1515 210 1587 a'er
223 1505 294 1584 ille
312 1506 355 1584 in
375 1503 577 1586 altioribus
595 1506 678 1586 tubi
700 1505 983 1590 inflexionibus
1002 1561 1015 1606 ,
1042 1507 1167 1588 veluti
1187 1508 1228 1586 in
1252 1511 1363 1590 DEF
1384 1537 1394 1586 ε
1422 1524 1484 1590 aut

141 1607 209 1688 ubi
226 1631 299 1709 per
317 1603 491 1688 validum
510 1629 622 1707 aquae
642 1608 817 1709 illapsum
837 1610 1017 1712 abreptus
1035 1608 1159 1690 suerit
1176 1619 1257 1712 aer,
1272 1611 1485 1694 insrasum-
1637 1634 1641 1642 ’

142 1709 314 1789 mitatem
333 1707 375 1786 in
396 1711 507 1788 GKH
525 1709 856 1808 commorabitur,
875 1710 921 1802 ⁴&
939 1735 1053 1812 aqnae
1068 1713 1301 1810 profluxum
1332 1735 1485 1816 praepe-

142 1809 253 1924 diet,
304 1809 380 1890 Cui
399 1807 561 1912 quidem
587 1809 686 1892 vitio
713 1807 876 1908 medela
895 1813 1144 1914 conseretur,
1171 1813 1265 1891 stad
1285 1813 1479 1898 summita-

143 1926 223 1992 tem
241 1907 380 1990 mllexi
398 1911 483 1991 tubi
504 1910 545 1988 in
561 1913 596 1989 Ε
613 1911 651 1990 &
670 1915 714 1989 M
729 1911 840 1992 clavo
865 1909 1044 1994 foramen
1069 1913 1252 2014 incutias,
1277 1914 1482 1996 &cohibi-

1 2021 2 2032 '
141 2031 182 2094 to
198 2012 399 2112 paulisper
417 2013 457 2090 in
475 2013 513 2092 R
532 2035 645 2112 aquae
664 2015 873 2113 profluxu,
901 2022 1030 2094 aerem
1059 2039 1108 2092 ex
1129 2019 1279 2115 G,K,H
1294 2019 1336 2100 in
1356 2021 1397 2095 M
1416 2016 1488 2094 eli-

1 2167 2 2172 *
144 2113 250 2210 cias3
279 2139 351 2214 per
372 2113 459 2194 haec
476 2111 623 2216 quippe
642 2113 837 2192 foramina
862 2123 929 2194 aer
955 2116 1006 2198 ita
1023 2116 1268 2220 expelletur,
1295 2135 1340 2200 ut
1356 2119 1487 2198 occlu-

1 2286 2 2294 Ν
146 2215 194 2296 sis
218 2214 354 2298 denuo
379 2213 642 2294 foraminibus
663 2213 795 2296 videas
823 2218 1010 2336 majorem
1039 2219 1178 2322 longe,
1204 2245 1320 2323 quam
1350 2235 1489 2320 antea,

1 2315 2 2326 Ν
145 2341 260 2429 aquae
282 2313 435 2418 copiam
449 2341 529 2496 per
548 2318 686 2432 tpbum
701 2341 945 2418 promoveri.

154 2435 202 2503 tr
248 2423 279 2522 §-
293 2437 381 2514 203.
406 2423 446 2499 A
463 2443 517 2500 ras
535 2437 650 2499 etlam
677 2419 772 2499 tubo
798 2417 1030 2524 hydraulico
1047 2422 1355 2524 ABapplicatur
1370 2425 1486 2503 tnbu-
1507 2425 1648 2502 Talus.

147 2525 211 2605 lus
232 2520 399 2604 lateralis
410 2521 644 2621 plumbeus,
670 2521 739 2622 qui
757 2519 799 2600 in
820 2527 867 2622 C,
886 2523 1000 2626 D,lE
1025 2523 1122 2604 tubo
1153 2526 1291 2628 majori
1315 2549 1486 2606 commu·
1503 2533 1568 2634 sig.
1596 2551 1631 2608 n„

1 2669 2 2727 1
145 2623 253 2740 nicet
270 2649 283 2724 3
310 2646 358 2737 er
378 2639 507 2722 aperta
524 2619 716 2724 siquidem
734 2623 917 2703 vertebra
934 2631 967 2706 F
992 2626 1207 2707 adr-omnis
1231 2652 1279 2706 ex
1295 2631 1393 2709 tubo
1411 2653 1488 2705 tna·

145 2727 222 2830 jori
241 2749 284 2804 m
303 2749 501 2804 mmorem
518 2722 714 2805 derivatus
734 2726 1004 2829 propelletur,
1020 2727 1281 2832 velociorque
1298 2751 1409 2832 aquae
1420 2727 1488 2804 de·

151 2827 286 2910 cursus
303 2825 398 2906 tubo
415 2832 484 2908 AB
502 2827 790 2905 conciliabitur.
1539 2867 1543 2875 =

247 2933 297 3010 In
330 2925 440 3030 aquis
475 2926 735 3026 salientibus,
771 2925 807 3004 dr
836 2923 878 3003 in
903 2923 1128 3007 adcuranda
1156 2951 1288 3010 earum
1322 2925 1365 3007 in
1400 2926 1488 3008 hor·

145 3033 193 3115 tis
232 3029 345 3133 praxi
378 3027 477 3110 illud
533 3029 719 3132 generale
745 3025 980 3128 principium
1018 3031 1147 3112 teneri
1175 3029 1329 3114 debet:
1379 3023 1487 3133 quod

148 3132 308 3214 caeteris
333 3130 542 3213 obstaculis
551 3131 713 3211 remotis
723 3133 908 3212 tuborum
920 3132 1141 3215 tortuositas
1156 3131 1255 3212 nihil
1272 3127 1486 3238 quidquam

1 3257 2 3262 ‘
147 3234 293 3316 officiat
314 3235 427 3337 aquae
446 3231 721 3316 reascendenti
743 3261 754 3312 z
780 3232 825 3314 fit
851 3236 1141 3350 receptaculum
1171 3245 1211 3316 A
1239 3235 1358 3316 variis
1381 3231 1488 3328 tubis
1509 3235 1651 3318 Talvl.

146 3361 217 3440 pro
240 3360 353 3439 aquae
375 3333 566 3416 descensu
581 3332 839 3416 instruilum:
866 3338 951 3416 tubi
973 3337 1052 3415 duo
1071 3337 1274 3420 BCdzDE
1303 3337 1380 3418 smt
1397 3359 1484 3436 per-
1505 3343 1565 3446 sig.
1579 3365 1614 3442 3.

146 3438 451 3541 pendiculares:
477 3439 598 3520 tubus
617 3443 687 3518 FG
705 3437 915 3518 inclinatus
935 3466 944 3516 :
970 3440 1088 3520 tubus
1114 3435 1272 3518 demum
1291 3443 1357 3518 HI
1376 3461 1486 3536 pror·

148 3543 208 3622 sus
225 3543 473 3724 polprgonum
501 3566 598 3643 aqua
613 3556 742 3620 tamen
760 3535 935 3632 omnium
961 3541 1099 3620 horum
1117 3555 1283 3643 quatuor
1300 3537 1487 3620 tuborum

147 3669 195 3724 ex
215 3643 277 3723 ori
314 3643 385 3726 ciis
404 3645 441 3722 ll
458 3641 505 3720 ad
524 3637 687 3720 eandem
706 3637 934 3722 reascendet
951 3639 1195 3723 altitudinem
1213 3665 1225 3740 3
1255 3641 1341 3720 haec
1357 3657 1488 3721 tamen

148 3743 318 3830 altitudo
335 3744 557 3825 reascensus
581 3745 735 3860 semper
758 3740 891 3822 minor
917 3743 1005 3825 erit¹
1018 3742 1227 3826 altitudine
1246 3741 1362 3841 ipfius
1379 3763 1488 3820 rece-

146 3849 305 3950 ptaculi.
355 3849 480 3948 Cuius
498 3846 556 3924 rei
575 3861 696 3945 gratia
711 3845 860 3946 juverit
876 3843 1105 3959 sequentem
1124 3841 1291 3924 tabulam
1313 3862 1360 3923 ex
1374 3867 1489 3926 accu-

1 4033 2 4045 ,
149 3950 263 4052 ratis,
289 3948 515 4051 pluriesque
533 3945 708 4050 repetitis
720 3945 1059 4027 observationibus
1082 3937 1252 4029 haustam
1276 3945 1403 4029 oculis
1420 3971 1487 4024 ex-

144 4055 306 4151 hibere,
331 4077 409 4154 qua
425 4049 558 4154 positis
575 4049 728 4129 caeteris
741 4046 788 4128 ad
805 4046 1070 4129 sacilitandum
1090 4072 1203 4164 aquae
1212 4046 1381 4130 salientis
1391 4073 1486 4128 con-

1 4177 2 4256 3
148 4154 390 4254 ditionibus,
415 4177 463 4232 ex
493 4153 601 4238 van'a
624 4151 964 4252 receptaculorum
988 4145 1217 4254 altitudine,
1243 4151 1344 4231 varii
1369 4173 1484 4254 aquae

148 4255 321 4346 salientis
342 4255 563 4338 reascensus
584 4251 850 4338 definiuntur.
1444 4255 1481 4280 ”
