3782 4958
456 479 532 583 '420
762 509 766 518 ⁴
891 517 892 520 κ
943 475 1217 558 ‘sacrior-ts
1272 477 1363 558 tu

407 673 554 744 novum
580 658 657 742 hoc
682 657 799 742 suum
825 655 989 766 systema
1012 661 1066 742 ita
1092 659 1248 745 adortus
1274 665 1354 768 est,
1378 664 1537 746 utnihil
1553 666 1740 770 quidpiam
1859 669 1860 734 3

408 779 558 846 temere
583 775 717 865 ageret
726 815 747 878 ,ι
775 765 1053 864 expen'mentis
1080 765 1319 871 certissimis,
1345 771 1468 851 veluti
1496 769 1741 850 fundamento
1834 821 1854 854 η

243 866 577 956 mixtitinnixus„
646 863 815 948 Radtum
842 865 929 946 solis
964 867 1235 968 perforamen
1260 876 1299 950 A
1325 869 1555 956 immittatur
1590 873 1632 952 in
1657 895 1743 950 con·
1859 899 1860 938 ὲ

239 984 302 1088 fg·
326 1005 359 1064 2.
413 973 524 1052 clave
545 971 650 1051 bene
667 967 897 1070 obscurum,
923 967 1029 1050 hunc
1055 971 1231 1074 radium,
1257 993 1325 1076 qut
1353 973 1445 1056 solis
1463 973 1671 1074 imaginem
1688 995 1744 1054 re·
1859 975 1860 978 ‘

409 1075 509 1174 fert,
543 1073 709 1178 excipiat
735 1073 821 1151 lens
846 1097 1025 1152 convexa
1051 1079 1157 1176 BC,
1192 1075 1337 1156 distans
1361 1103 1383 1157 a
1407 1078 1601 1158 foramine
1627 1086 1665 1158 A
1704 1103 1745 1156 ιο
1859 1147 1860 1156 r

408 1175 571 1258 circiter
594 1176 786 1280 pudibus,
812 1173 941 1254 donec
968 1171 1145 1256 advertas
1170 1173 1377 1278 imaginem
1404 1181 1496 1260 solis
1520 1179 1744 1277 refundam,

408 1278 694 1381 nitidisfimam,
713 1276 1066 1392 accuratissimeque
1087 1279 1313 1382 sphaericam
1334 1305 1565 1386 comparere
1583 1283 1628 1362 in
1648 1283 1748 1362 char·

408 1399 447 1466 ta
472 1383 558 1464 alba
584 1383 623 1464 D
647 1395 731 1463 tum
760 1405 891 1482 accipe
917 1380 1060 1482 prisma
1085 1383 1258 1464 vitreum
1282 1383 1480 1487 trigonum
1509 1385 1630 1464 MNO
1659 1382 1749 1484 opti·

408 1509 475 1565 me·
499 1485 736 1588 expolitum,
761 1481 983 1584 mundum,¹
1018 1505 1149 1590 neque
1175 1487 1329 1567 venulis
1368 1501 1431 1568 aut
1456 1488 1632 1568 arenuiis
1657 1486 1748 1568 inie-

409 1589 540 1690 stum,
566 1587 747 1692 illudque
775 1587 857 1688 post
887 1585 1031 1666 lentem
1059 1592 1137 1668 BC
1174 1610 1219 1667 ea
1243 1589 1397 1669 ratione
1423 1591 1678 1690 collocetur,
1710 1597 1754 1666 ut

406 1690 542 1774 radius
567 1690 660 1770 solis
685 1713 758 1790 per
779 1687 921 1790 prisma
948 1691 1066 1768 MNO
1084 1689 1315 1772 transtniffus
1342 1693 1386 1774 in
1406 1696 1476 1777 EF
1494 1691 1748 1793 refringatur3
1857 1675 1860 1714 ¹

409 1795 654 1915 apparebunt
680 1791 823 1871 diverfi
851 1786 987 1870 circuli
1013 1792 1227 1893 GGfflH,
1246 1797 1319 1896 ΙΙ,
1344 1799 1439 1896 KK,
1458 1797 1551 1898 LL,
1576 1801 1644 1896 SS,
1662 1794 1749 1891 TT,
1859 1867 1860 1872 r

410 1896 584 1998 ejusdem
620 1919 707 1978 cum
734 1893 928 1974 foramine
952 1901 992 1974 A
1021 1891 1233 1996 diametri,
1269 1919 1439 2000 quorum
1466 1895 1613 1996 singuli
1640 1895 1748 1974 alium
1859 1951 1860 1962 a

411 2000 575 2081 &alium
588 1999 762 2080 colorem
776 1994 1041 2076 exhibebunt:
1068 1996 1273 2098 supremus
1284 1997 1359 2080 erit
1373 2003 1462 2078 ruber
1478 2013 1559 2080 tum
1577 2005 1747 2094 mimae,

404 2111 526 2204 flavus,
552 2106 692 2202 uiride,
727 2099 797 2206 qui
831 2096 984 2178 medius
1009 2097 1095 2200 est,
1124 2103 1529 2204 temperatiffimaeque
1555 2096 1749 2180 reiradiiu·
1859 2185 1860 2188 a

243 2205 493 2308 Muttinis,
519 2199 762 2286 hincvisum
789 2199 981 2303 obledat5
1015 2198 1172 2280 tandem
1200 2213 1360 2304 sanun,
1411 2231 1583 2312 arpenas,
1614 2205 1749 2283 datan·
1858 2233 1860 2286 t

239 2313 301 2416 th.
323 2337 355 2416 3.
412 2307 501 2390 dem
530 2306 691 2386 infimus
713 2311 881 2407 violaceo,
907 2302 933 2380 fi
960 2317 1085 2383 totum
1113 2303 1367 2408 speumma
1421 2303 1562 2400 'in360
1587 2303 1752 2406 aequales

302 2421 305 2428 ’
411 2419 535 2512 partes
561 2405 780 2504 dividatur,
808 2403 1157 2506 deprehendentur
1181 2409 1336 2488 colores
1357 2405 1516 2486 extendi
1543 2431 1615 2508 per
1637 2405 1750 2486 adno-

410 2525 502 2591 tatas
529 2507 690 2613 fingatis
715 2509 918 2590 coloribus
944 2521 1102 2610 partes3
1142 2524 1254 2608 atque
1279 2511 1366 2592 haec
1390 2509 1601 2616 inaequalis
1616 2505 1751 2588 radio·

410 2639 509 2708 rum¹
524 2615 682 2696 luminis
707 2611 1046 2713 resrangibiiitas,
1078 2611 1129 2690 'in
1154 2607 1293 2690 iisdem
1321 2612 1479 2714 prorsus
1506 2611 1751 2692 circumstan-

410 2715 495 2818 tiis,
521 2743 723 2820 nunquam
752 2741 773 2794 a
799 2715 980 2796 colorum
1009 2711 1227 2795 diversitate
1255 2713 1312 2794 est
1334 2713 1514 2816 seJundta.
1565 2715 1751 2793 Variatur
1858 2765 1860 2792 t

409 2819 551 2920 prisma
579 2815 946 2923 quomodocunque
980 2817 1085 2897 circa
1112 2816 1251 2917 axem,
1288 2816 1442 2918 semper
1473 2813 1617 2895 eodem
1654 2815 1752 2908 situ,
1859 2831 1860 2834 ‘

411 2919 631 3026 eademque
658 2921 885 3000 extensione
912 2919 1067 3000 colores
1090 2917 1396 3019 conspiciuntur.
1463 2917 1610 2998 Prisma
1636 2915 1751 3014 trigo·

411 3019 506 3104 rium
534 3047 578 3103 ea
604 3021 755 3104 ratione
781 3037 1039 3123 comparatum
1065 3019 1152 3119 est,
1177 3033 1221 3102 ut
1246 3025 1360 3124 plana
1387 3021 1553 3120 angulos
1583 3047 1657 3123 50,
1680 3021 1750 3113 60,

410 3123 448 3202 dc
475 3153 526 3232 70
552 3125 743 3228 graduum
770 3123 1010 3204 constituant.
1077 3119 1303 3206 Diametrus
1328 3121 1515 3226 cujusque
1534 3118 1673 3202 circuli
1695 3141 1753 3195 co·
1858 3127 1860 3222 ξ

412 3225 548 3327 lorati,
577 3227 765 3307 diametro
793 3223 884 3304 solis
910 3219 1074 3327 aequalis
1120 3219 1276 3327 dempta
1304 3223 1496 3304 diametro
1524 3220 1752 3319 foraminis,

412 3351 483 3428 per
509 3329 613 3432 quod
642 3323 798 3408 immitia
824 3328 899 3408 suit
926 3324 1023 3405 lux:
1057 3279 1098 3402 iti
1126 3328 1182 3407 est
1209 3329 1329 3408 lineae
1354 3325 1503 3427 restae,
1529 3354 1549 3405 a
1575 3323 1755 3428 periphe·
1858 3371 1860 3424 ÷

412 3429 469 3509 ria
496 3429 654 3512 colorati
682 3427 824 3508 circuli
852 3427 898 3508 ad
928 3427 1107 3508 foramen
1126 3429 1277 3532 uuttae,
1304 3425 1475 3510 eundem
1495 3431 1684 3530 angulum
1705 3425 1755 3504 sa-

410 3533 688 3636 ciunt,'quem
718 3529 809 3608 solis
833 3530 1081 3636 peripheria,
1108 3533 1217 3632 cujus
1248 3527 1348 3613 radii
1382 3533 1561 3612 foramen
1589 3537 1631 3612 vA
1656 3526 1756 3608 subi·
1819 3585 1824 3596 .

411 3647 586 3736 verunt3
623 3633 661 3712 oz
686 3632 870 3738 quoniam
903 3633 1043 3714 circuli
1075 3635 1236 3715 colorati
1268 3657 1343 3738 pro
1372 3634 1509 3734 majori
1533 3631 1753 3716 ‘distantiae

412 3737 593 3837 pristnate
617 3737 783 3838 majores
809 3737 932 3842 fiunt,
960 3736 1085 3840 palam
1109 3735 1186 3839 fit,
1214 3737 1384 3818 circulos
1405 3737 1495 3816 illos
1520 3761 1655 3818 veram
1681 3728 1752 3811 eise
1858 3725 1860 3750 ²

414 3837 504 3920 solis
533 3837 755 3939 imaginem.
1859 3907 1860 3930 r

525 3945 722 4024 Praeterea
745 3942 1003 4024 observantur
1031 3936 1154 4036 radii,
1175 3938 1243 4038 qui
1270 3941 1388 4022 unius
1416 3939 1669 4046 ejusdemque
1697 3965 1756 4020 co·
1859 3941 1860 3978 ³

415 4038 512 4118 loris
536 4041 690 4125 sensum
716 4043 946 4142 immittunt,
974 4043 1087 4121 etiam
1115 4038 1287 4134 eundem
1312 4043 1647 4144 reirangibilitatis
1675 4065 1758 4142 gra·

417 4141 511 4222 dum
545 4141 586 4219 in
609 4145 765 4239 paribus
798 4141 1099 4248 circumstantiis
1121 4140 1278 4245 sortiri;
1315 4149 1494 4252 quivero
1517 4143 1674 4224 diverso
1695 4169 1757 4223 co·
1859 4235 1860 4246 Ν

417 4245 503 4326 lore
531 4242 673 4324 imbuti
701 4245 820 4341 sunt,
852 4244 1040 4322 seruntur
1067 4237 1223 4326 diverso
1250 4247 1586 4353 reirangibilitatis
1608 4245 1754 4426 gregim

497 4379 502 4386 .
1243 4371 1247 4376 .
1691 4375 1707 4428 1
