3900 4956
498 469 773 553 Drsaaaararo
800 477 832 552 1.
859 467 927 552 De
942 470 1121 550 Nurum
1137 467 1257 550 Para.
1497 485 1544 570 13

253 654 523 742 licentlffimus
540 675 613 734 nos
630 655 776 736 incolas
795 653 946 758 posuit,
974 652 1022 736 ad
1040 649 1210 736 austeris
1229 673 1402 734 amorem
1424 647 1594 730 incitari.

255 763 361 862 Quae
372 755 618 861 cognitiones
634 781 715 838 non
731 769 882 838 tantum
899 756 1031 858 suapte
1049 767 1195 838 natura·
1204 755 1336 859 dignae
1354 755 1442 836 sunt
1458 753 1595 834 huma·

251 885 323 960 na,
344 861 381 938 a
399 856 615 962 praesertim
634 856 757 939 nobili
774 877 933 957 mente,
954 883 1092 942 verum
1110 856 1223 940 etiarn
1240 857 1437 939 hominem
1457 855 1593 934 admo-

253 959 345 1042 dum
365 959 585 1060 jucundum
605 959 781 1042 reddunt
799 960 838 1040 in
859 957 965 1040 civili
985 962 1195 1064 societate3
1217 961 1377 1060 s1,cum
1397 959 1591 1039 sermoin-

251 1063 374 1160 cidit,
399 1060 513 1160 possit
541 1064 591 1142 de
615 1071 861 1159 Elementorum,
878 1069 1063 1170 plantarum
1070 1123 1082 1160 ,
1089 1069 1248 1166 striarum,
1270 1067 1511 1167 animaliumque
1527 1082 1596 1139 na·

254 1179 367 1260 tura,
384 1164 517 1266 deque
537 1163 698 1244 diversus
715 1163 932 1246 eorundem
942 1175 1148 1272 phoenomenis
1167 1166 1262 1245 scite
1275 1163 1475 1242 disserere.
1530 1167 1596 1240 l'a·

251 1263 303 1344 rit
319 1265 456 1344 notitia
474 1264 537 1344 illa
552 1262 808 1346 moderamen
830 1267 993 1348 salutare
1011 1267 1051 1347 in
1069 1267 1252 1348 ciborum
1269 1263 1450 1364 deleiiu,
1473 1279 1597 1344 caete-

251 1366 391 1467 risque
409 1365 456 1445 ad
473 1365 737 1450 valetudinem
755 1367 1058 1471 pertinentibus,
1077 1394 1210 1470 neque
1229 1365 1376 1470 patitur
1392 1367 1596 1446 hominem

255 1467 418 1573 anilibus
436 1469 551 1550 sacile
576 1471 701 1572 abripi
721 1468 1038 1570 infirmitatibus,
1064 1484 1111 1551 ut
1127 1485 1295 1551 eventus
1309 1469 1501 1568 plurimos
1520 1493 1595 1568 pro

253 1572 445 1672 portentis
462 1575 624 1672 habeat,
645 1589 710 1653 aut
730 1569 951 1675 miraculis,
976 1598 1146 1676 quorum
1165 1573 1280 1674 possut
1294 1574 1443 1652 causam
1460 1569 1597 1650 dicere

252 1677 483 1755 naturalem.
551 1680 645 1758 Uno
667 1677 804 1754 uerbo
832 1673 1056 1755 divinorum
1084 1699 1251 1774 operum
1287 1673 1444 1780 Physsca
1475 1671 1598 1752 docet
1710 1681 1717 1692 '

161 1829 165 1836 .
251 1775 511 1872 praestantiam
540 1775 775 1877 agnoscere,
799 1799 890 1854 cum
914 1776 955 1855 in
983 1779 1103 1860 rebus
1128 1777 1259 1856 obviis
1286 1791 1428 1855 tantam
1455 1771 1598 1854 Divini
1637 1839 1641 1844 .

252 1873 413 1954 artificis
433 1876 655 1976 sapientiam
679 1877 955 1980 deprehendit,
977 1895 1023 1958 ut
1039 1879 1221 1958 admirari
1243 1903 1326 1959 eam
1348 1874 1515 1976 pronius
1534 1875 1596 1972 su,

255 2001 368 2076 quam
386 1975 631 2080 investigare.
700 1984 808 2081 Quae
824 1981 953 2062 omnia
969 1982 1177 2062 cordatum
1194 1982 1325 2062 virum
1343 1999 1484 2057 senecam
1497 1973 1597 2055 adeo

253 2078 345 2160 olim
362 2096 675 2184 permoverunt,
703 2095 750 2160 ut
769 2079 948 2163 diceret:
981 2088 1092 2187 mfiad
1112 2091 1173 2160 lae
1189 2087 1211 2186 (
1229 2096 1384 2162 naturae
1410 2077 1596 2161 secretio·

249 2197 303 2362 ll)
313 2189 335 2285 )
356 2185 556 2363 edgittmer,
590 2215 652 2264 raon
667 2188 780 2288 suerat
804 2210 899 2286 opere
924 2199 1058 2286 pretium
1080 2186 1176 2290 nasci.
1238 2185 1413 2264 Natural.
1440 2179 1594 2288 Quaest.

265 2308 379 2364 1.1.
425 2303 484 2361 1·ae
503 2299 553 2363 at.

359 2490 435 2568 VI.
461 2487 588 2568 Porro
610 2511 661 2566 ne
684 2486 725 2566 in
741 2485 991 2586 affirmatione
1008 2489 1207 2572 causarum
1229 2506 1306 2569 tam
1319 2487 1521 2567 uariarum
1537 2481 1599 2581 ju·

255 2582 401 2668 dicium
419 2587 686 2690 praecipitari,
714 2615 759 2668 ac
775 2589 854 2668 salli
872 2588 1048 2693 obtingat
1067 2647 1082 2691 ,
1120 2607 1201 2674 tres
1215 2591 1367 2692 regulas
1383 2587 1595 2692 sequentes

252 2687 478 2770 clariffitnus
497 2703 656 2777 uouemus
673 2687 876 2772 constituit
886 2699 977 2769 laailio
993 2694 1066 2771 libri
1083 2703 1144 2774 tlt.
1157 2709 1289 2792 artnnp.
1309 2698 1490 2769 mathomus.
1509 2685 1598 2787 qui·

250 2788 323 2868 bus
344 2797 535 2890 praeclare
552 2808 769 2895 utrumque
785 2793 934 2870 erroris
951 2793 1171 2890 periculum
1187 2790 1431 2888 eliminavit,
1452 2807 1596 2886 nempe

250 2891 406 2971 nimiam
425 2893 465 2975 in
488 2891 739 2996 affignatione
760 2896 959 2972 causarum
987 2895 1128 2972 mentis
1151 2890 1530 3000 promptitudinem,
1557 2887 1597 2965 dc

250 2995 384 3074 rursus
403 2996 585 3096 nimiam,
613 2995 924 3097 perplexamque
949 2992 991 3075 in
1017 2991 1157 3078 iisdem
1176 2993 1320 3082 mentis
1345 2989 1592 3073 anxietatem.

703 3195 1051 3279 REGULA
1109 3199 1144 3278 1.

357 3403 472 3500 causas
486 3429 594 3480 remam
610 3403 804 3478 naturalium
820 3425 884 3476 rora
895 3403 997 3498 plures
1013 3405 1142 3481 admitti
1153 3403 1261 3482 delere
1277 3461 1288 3500 ,
1323 3427 1422 3518 quam
1436 3425 1502 3508 que
1518 3423 1595 3475 uera

223 3583 228 3592 ,
246 3501 334 3599 fiat,
359 3507 397 3578 ὃ*
417 3530 524 3580 earum
539 3511 739 3602 plenommis
753 3503 940 3601 eaplleamla'a
956 3501 1128 3601 sufficiant.

354 3703 458 3782 Haec
481 3701 619 3802 regula
642 3701 746 3782 clara
770 3701 849 3802 est,
877 3699 1133 3784 &licentiam
1161 3704 1203 3782 in
1225 3701 1436 3782 inserendo
1465 3699 1594 3778 causat

254 3807 432 3884 coercet.
484 3801 680 3906 Equidem
697 3803 881 3884 videatur
901 3803 1118 3885 molendini
1135 3821 1223 3884 rota
1237 3802 1449 3907 circumagi
1468 3803 1594 3903 abeo,

255 3899 322 4004 qui
342 3903 552 4005 aliquando
570 3903 715 3984 viderit
731 3919 855 3984 rotam
871 3903 984 3981 talem
1005 3907 1116 3986 suilla
1133 3904 1384 3988 trituratione
1394 3909 1513 3986 boum
1524 3907 1600 3982 cir·

255 4003 467 4085 cumattan
486 4037 496 4105 ;
513 4007 658 4086 stillico
681 4005 937 4102 concluserit,
956 4005 1127 4107 &hujus
1153 4025 1259 4088 rotae
1284 4007 1598 4091 circumactionis

261 4103 336 4183 elle
354 4111 502 4188 causam
521 4107 809 4190 triturationem
829 4110 979 4208 boum,
999 4111 1171 4212 errabit3
1201 4111 1292 4214 quia
1302 4112 1484 4215 ponimus
1501 4111 1601 4189 hanc

261 4223 384 4287 rotam
401 4213 467 4294 vel
492 4211 795 4318 aquaeatlapsu,
821 4210 1079 4394 venlimpulsu
1106 4228 1321 4298 ventorum
1346 4211 1605 4308 commoveri.

912 4333 935 4418 a
1416 4323 1562 4426 Quam·
