3792 4958
431 499 536 590 ¹258
956 490 1227 570 -Sncrrours
1278 489 1302 570 1

416 697 466 754 ex
492 671 774 776 longioribus,
829 672 971 770 canavas
998 671 1186 778 liquidem
1210 675 1361 778 adolphus
1381 671 1531 753 sueciae
1552 675 1640 754 Rex
1662 673 1750 752 An·-

416 801 472 856 no
501 777 622 876 1624,
648 797 737 858 eum
760 773 913 878 jussisset
939 801 988 856 ex
1005 791 1203 857 tormento
1219 773 1492 958 gaculadones
1510 773 1744 886 continuari,

416 875 480 956 cui
505 901 592 978 pars
617 876 796 978 quaedam
821 875 869 954 ad
897 880 1097 962 orificium
1124 877 1220 958 effra
1260 877 1442 977 asuerat,
1469 873 1748 977 deprehendit,

417 1001 467 1056 ex
490 979 667 1060 breviori
692 980 766 1060 hoc
790 995 991 1064 tormento
1017 980 1156 1082 globos
1177 977 1336 1080 longius
1355 977 1526 1076 deserti,
1543 1002 1658 1081 quam
1679 1001 1748 1054 an·

415 1094 498 1180 tea,
527 1105 617 1161 cum
643 1095 882 1173 tormentum
913 1084 990 1163 hoc
1014 1083 1213 1182 integrum
1239 1079 1476 1183 longiusque
1502 1077 1650 1178 suisset3
1676 1077 1757 1177 igi·'

415 1195 482 1263 tur
509 1183 547 1263 dc
574 1181 825 1266 determinata
851 1179 927 1263 else
947 1184 1064 1266 debet
1088 1182 1271 1265 tormenti
1292 1183 1481 1284 cujusque
1506 1177 1748 1280 longitudo:

416 1282 571 1360 maximi
599 1285 786 1364 tormenti
810 1288 931 1386 vulgo
959 1292 1071 1388 blatta
1090 1286 1311 1368 Carthaune
1329 1285 1427 1384 justa
1449 1281 1652 1382 longitudo
1680 1277 1749 1358 de·

417 1382 558 1464 finitur
574 1381 649 1462 else
666 1396 713 1474 18
725 1383 982 1488 calibrarum3
1003 1386 1125 1468 medii
1141 1383 1327 1466 tormenti
1343 1387 1464 1486 vulgo
1474 1383 1750 1486 {tettaetttans

416 1501 461 1586 pt
477 1505 525 1581 30
541 1485 774 1570 calibrarum
793 1512 802 1564 t
827 1489 1026 1572 Falconeti
1042 1490 1273 1569 calibrarum
1301 1495 1350 1587 3⁶
1367 1489 1437 1568 &o

516 1589 546 1688 l·
573 1615 660 1692 314
737 1589 869 1670 Pulvis
889 1592 1049 1698 pyrius,
1085 1616 1166 1698 quo
1193 1587 1367 1668 melioris
1392 1603 1498 1670 notae
1522 1587 1673 1684 suerit,
1698 1605 1748 1665 eo

416 1687 563 1767 minori
596 1691 806 1797 quantitate
832 1692 880 1770 ad
916 1693 1115 1774 oneranda
1138 1690 1305 1808 sclopeta
1329 1703 1443 1792 atque
1463 1701 1656 1771 tormenta
1683 1691 1748 1763 ad-

351 1813 380 1880 ·.
413 1790 594 1892 hibetur3
621 1791 821 1896 dependet
837 1807 962 1874 autem
982 1795 1130 1874 bonitas
1146 1793 1247 1897 pyrri
1264 1792 1441 1891 pulveris
1458 1817 1479 1868 a
1494 1789 1641 1892 triplici
1661 1811 1749 1868 cau-

415 1893 479 1971 sa:
506 1895 571 1972 vel
600 1895 868 1998 eprae'stantia
892 1896 1064 1976 materiae
1090 1895 1385 1994 componentis:
1410 1893 1475 1973 vel
1502 1895 1549 1970 ab
1572 1887 1748 1995 ejusdem

415 1996 589 2075 materiae
613 1999 711 2099 justa
735 2023 809 2098 pro
837 1999 1019 2078 ortione:
1053 2000 1118 2078 vel
1147 1995 1304 2074 demum
1331 2021 1352 2072 a
1375 1994 1605 2074 dexteritate
1629 1991 1750 2070 mani-

414 2097 633 2198 putationis
711 2025 898 2202 Tripiicis
925 2101 1044 2201 hujus
1075 2097 1251 2179 materiae
1278 2097 1490 2195 preciosior
1516 2097 1573 2176 est
1598 2106 1749 2194 nitrum,
1851 2173 1854 2178 .

414 2196 523 2300 quod
550 2200 708 2306 quidem
743 2200 893 2302 seipso
922 2201 1184 2302 limpidilsrme
1217 2196 1404 2279 funditur
1438 2197 1480 2276 in
1505 2199 1628 2298 igne,
1664 2220 1746 2276 non
1875 2261 1876 2266 t

415 2315 547 2380 tamen
575 2302 819 2384 comburitur
877 2303 950 2382 nili
976 2299 1264 2382 inflammabilis
1289 2299 1450 2380 materia
1477 2295 1747 2398 accesserim&

415 2413 498 2480 tum
525 2401 567 2479 in
591 2405 735 2485 subtile
762 2357 961 2486 elaliicum
984 2405 1224 2504 resolvitur,
1251 2417 1365 2504 atque
1396 2399 1636 2482 exarfionem
1669 2401 1750 2492 slu-

414 2497 587 2602 pendum
606 2504 647 2582 in
665 2504 824 2588 modum
847 2503 1023 2626 adauget.
1081 2509 1192 2588 Dum
1211 2503 1258 2582 ad
1279 2502 1593 2604 componendum
1614 2505 1750 2602 pulve-

415 2625 500 2682 cem
527 2605 683 2710 pyrium
713 2635 730 2690 r
749 2606 849 2686 libra
873 2609 967 2691 nitrr
987 2607 1200 2706 assumitur,
1227 2629 1310 2684 mos
1329 2607 1385 2688 est
1404 2603 1498 2686 duas
1515 2603 1653 2685 uncias
1673 2603 1749 2684 sul-

410 2704 547 2808 phuris
562 2761 582 2808 ,.
610 2707 648 2788 ta
675 2738 695 2812 3
723 2709 854 2791 uncias
877 2712 1089 2792 carbonum
1123 2707 1365 2786 admiscere:
1399 2720 1464 2786 aut
1488 2723 1531 2788 ut
1563 2709 1681 2787 ltoltnt
1706 2705 1750 2786 in

411 2807 620 2891 Artilleria
641 2812 708 2893 sua
730 2812 810 2918 ait,
837 2811 979 2892 elain
996 2810 1143 2912 Anglia
1164 2809 1371 2890 usitatum:
1397 2821 1477 2888 tres
1499 2825 1626 2924 partes
1653 2809 1749 2890 nitri

413 2930 586 3014 quartam
618 2920 767 3094 paritgm
794 2914 1051 3015 sulphuris&
1085 2914 1302 2992 carbonum
1328 2911 1473 3012 aequali
1499 2935 1541 2990 rn
1566 2913 1748 3011 portione

412 3013 621 3126 requirunt
637 3015 675 3112 ;“’
721 3017 838 3096 ittum
858 3017 963 3096 enim
981 3040 1069 3096 ctam
1090 3015 1213 3114 seipso
1230 3011 1547 3094 incombustibile
1565 3013 1632 3114 sit,
1651 3013 1745 3094 dum

415 3111 515 3224 elirs·
534 3110 689 3193 duobus
724 3117 1067 3196 combustibilibus
1092 3117 1327 3218 corporibus
1366 3117 1505 3218 majori
1532 3117 1755 3219 quantitate·

414 3211 680 3315 admrscetur,
706 3239 789 3296 non
816 3217 1011 3297 sufficient
1036 3216 1200 3319 sulphur
1224 3218 1469 3297 &carbones
1485 3217 1631 3300 nitrum
1649 3216 1749 3299 illud

340 3339 343 3348 ’
415 3313 652 3416 absumere,
678 3317 776 3396 hinc
803 3318 906 3418 ignis
927 3319 1029 3419 justo
1055 3315 1277 3422 languidior
1303 3319 1544 3424 consurget,
1570 3321 1609 3399 δι
1635 3319 1747 3400 vicis-
1817 3317 1820 3324 ⁴

413 3415 512 3518 sim,
538 3416 567 3496 fi
591 3418 745 3519 parcius
769 3419 914 3502 nitrum
941 3421 1217 3523 compositioni
1243 3420 1491 3522 adhibeatur,
1517 3447 1632 3526 quam
1659 3423 1747 3502 aliae

415 3517 828 3602 duaesscombustibiles
850 3537 978 3639 partes
1002 3527 1234 3628 requirant,
1260 3527 1389 3607 rursus
1414 3526 1516 3627 ignis
1537 3526 1748 3604 'vehemen-

414 3623 498 3723 tia,
546 3620 759 3703 deficiente
801 3625 924 3707 llurdo
970 3627 1126 3709 elastico
1177 3628 1413 3727 languescet.
1505 3625 1608 3706 Boni
1644 3629 1755 3734 pyrii·

415 3723 592 3827 pulveris
613 3739 719 3807 notae
745 3727 859 3826 sunt,
892 3729 1000 3832 quod
1032 3729 1192 3831 granula
1226 3730 1377 3809 minora
1416 3730 1591 3831 reserat,
1617 3731 1747 3834 quod-

309 3841 314 3850 “
415 3847 496 3926 que
544 3829 587 3909 in
623 3828 752 3908 charta
779 3829 921 3932 politus
946 3887 960 3934 ,
990 3833 1032 3914 dc
1071 3831 1257 3912 accensus
1283 3831 1382 3913 nihil
1413 3831 1588 3915 sordium
1625 3833 1667 3912 in
1702 3855 1749 3911 ea

415 3925 638 4032 relinquat3
673 3931 753 4014 imo
777 3935 829 4013 ob
856 3933 1098 4036 repentinam
1116 3935 1154 4013 ἃ
1173 3933 1437 4016 fimultaneam
1464 3933 1748 4040 accensionem,

415 4029 583 4109 chartam
609 4031 771 4113 flammis
796 4061 876 4118 non
901 4035 1113 4136 corripiat,
1138 4053 1250 4137 atque
1276 4037 1488 4118 in'sumum
1516 4039 1654 4139 abeat,
1687 4061 1749 4117 re·-

415 4127 489 4250 sta·
503 4133 785 4214 ascendentem.
850 4141 970 4240 CuJus
988 4135 1148 4237 quidem
1166 4155 1331 4222 eventus
1352 4140 1536 4222 causaest
1554 4140 1654 4219 aeris
1671 4141 1746 4220 ela-

415 4243 559 4321 terrum
585 4238 652 4342 (l.
673 4239 807 4342 386)3
837 4237 905 4320 hic
929 4239 1074 4348 quippe
1090 4237 1193 4326 intra
1208 4243 1411 4346 pulverem
1438 4246 1542 4324 bene
1564 4243 1748 4324 commix-

1042 4385 1055 4401 ·
1105 4387 1113 4398 ·
1615 4361 1699 4431 tum
