3878 4958
280 534 1306 635 PaneuerroXLDrArnacuconnUurv.
1396 559 1480 644 τος

190 738 367 834 serrum,
392 730 430 810 da
456 729 621 810 alneum
645 725 714 806 seu
739 723 920 804 stannum
944 723 1174 806 resolvitur.
1221 725 1459 828 lnjiciantor
1481 729 1527 811 ira

191 845 292 921 hanc
313 831 551 918 solutionem
569 828 683 922 oculi·
694 823 898 925 cancrini,
922 826 1132 910 solvuntur
1154 827 1217 931 hi,
1246 829 1529 932 &praecipita-

189 957 256 1026 tur
271 943 462 1022 stannum.
482 979 485 996 ·
514 931 669 1014 Rursus
690 931 731 1010 in
750 927 989 1012 solutionem
1004 927 1105 1014 hane
1124 929 1355 1014 immittatur
1370 933 1531 1036 spiritus

62 1033 72 1058 ⁸
188 1047 343 1157 urinae,
361 1033 606 1114 attrahetille
624 1033 798 1132 nitrum,
817 1030 1052 1136 &flcancrini
1070 1035 1179 1114 oculi
1196 1031 1391 1114 decident
1442 1038 1530 1119 De-

140 1165 144 1175 ·
188 1149 312 1250 nique
328 1134 565 1220 inlohdatur
579 1135 750 1221 inhunc
766 1133 964 1238 liquorem
983 1133 1142 1238 aliquod
1161 1136 1273 1216 alcali
1302 1135 1453 1238 fixum,
1467 1138 1532 1218 ni·-

189 1264 296 1333 trum
315 1241 411 1322 hoio
433 1238 669 1342 adhaerebit,
699 1239 737 1318 dt
763 1235 934 1318 dimittet
956 1236 1074 1318 salem
1098 1239 1326 1342 urinosum,
1346 1236 1416 1348 qui
1434 1259 1533 1323 cum

189 1351 320 1432 levior
336 1341 402 1444 fit,
428 1343 598 1442 superne
614 1338 772 1422 natabit·
929 1417 932 1424 ,
1528 1365 1531 1401 1

291 1443 567 1530 Resolutiones
581 1445 644 1526 hae
664 1444 700 1524 δι
721 1437 1052 1544 praecipitationes
1068 1465 1151 1522 non
1169 1435 1324 1544 poliunt
1341 1443 1531 1544 proveni·

109 1591 111 1596 ·
190 1577 237 1635 re
252 1577 301 1631 ex
326 1545 518 1652 impulsu,
539 1545 577 1624 δι
603 1545 742 1624 salium
766 1540 1043 1645 acutninibus3
1070 1544 1162 1624 alias
1182 1543 1322 1650 utique
1351 1545 1394 1624 in
1426 1570 1527 1647 aqua

190 1651 282 1736 sorti
300 1667 375 1732 tam
392 1671 559 1746 aurum,
574 1673 691 1751 quam
710 1645 752 1726 in
770 1671 867 1749 aqua
885 1645 988 1746 regis
1005 1661 1214 1747 argentum
1230 1644 1327 1728 solvi
1345 1645 1529 1750 deberet,

189 1758 320 1835 saltem
338 1751 380 1830 in
397 1773 446 1828 eo
467 1749 579 1848 casu,
605 1775 686 1852 quo
713 1745 904 1847 impulsus
929 1749 1205 1830 vehementior
1229 1747 1368 1852 fieret,
1393 1749 1532 1850 super-

188 1849 431 1957 imponendo
457 1849 505 1927 ad
528 1849 691 1951 ignem,
715 1848 824 1952 quod
849 1863 978 1930 tamen
1018 1850 1274 1952 experientiae
1299 1865 1494 1952 repugnat
1516 1873 1532 1930 t·

186 1982 322 2061 neque
342 1951 496 2056 poliunt
523 1951 739 2050 provenire
768 1973 817 2028 ex
844 1946 1069 2028 diverfitate
1097 1975 1286 2051 pororum
1311 1951 1531 2045 metallicoe

187 2085 309 2158 rum,
344 2053 439 2160 quia
469 2067 561 2134 utut
592 2051 842 2152 microscopii
868 2049 1069 2132 beneficio
1125 2052 1305 2133 auciores
1329 2053 1370 2132 in
1397 2077 1526 2152 auro,

187 2185 304 2267 quam
320 2159 364 2238 in
389 2166 552 2254 argento
570 2153 659 2270 pori
681 2151 1028 2256 deprehendantur
1044 2175 1066 2250 ς,
1093 2079 1181 2236 iant
1205 2169 1334 2234 tamen
1361 2155 1403 2235 in
1427 2177 1544 2234 auro

187 2262 277 2370 pori
298 2260 422 2338 multo
447 2267 683 2368 patentrores
708 2281 824 2358 qoam
852 2255 895 2336 in
934 2267 1125 2353 argento:
1147 2277 1279 2336 eccur
1304 2257 1435 2358 itaque
1456 2255 1530 2332 hos

189 2365 368 2448 minores
382 2370 533 2469 argenta
550 2381 669 2455 porus
686 2382 783 2459 aqua
800 2355 913 2437 sortis
934 2354 1066 2436 subire
1084 2355 1226 2458 pollet,
1251 2383 1332 2439 non
1349 2358 1442 2436 item
1452 2379 1530 2433 ma·

188 2469 297 2570 jores
314 2484 435 2562 poros
449 2461 569 2538 aum?
596 2481 672 2538 cur
693 2459 861 2538 lamellae
888 2479 1051 2560 cupreae
1070 2457 1113 2540 in
1142 2458 1381 2540 solutionem
1398 2457 1527 2560 limpi-

189 2566 276 2645 dam
294 2560 446 2662 argenti
473 2557 647 2640 immillae
664 2561 769 2640 viam
798 2561 981 2665 praebent
1000 2558 1113 2641 acido
1143 2561 1261 2664 nitri,
1293 2561 1382 2644 suos
1401 2561 1443 2639 in
1461 2585 1530 2662 po-

188 2695 254 2750 ros
271 2661 463 2758 irruenti,
489 2660 640 2760 argenti
656 2688 755 2746 vero
774 2661 948 2742 minimae
965 2661 1172 2764 particulae
1191 2716 1205 2761 ,
1230 2664 1336 2766 quasi
1355 2663 1529 2764 praeclu-

188 2772 228 2851 sa
240 2773 377 2881 janua,
403 2760 536 2846 afforis
550 2763 799 2845 attinentur?
860 2762 969 2842 Nihil
994 2763 1053 2840 his
1081 2788 1168 2844 cum
1193 2763 1449 2844 fundamento
1470 2781 1533 2836 re-

187 2873 211 2952 s
231 2870 372 2953 onderr
391 2864 526 2968 potest.
574 2866 871 2965 Itaqueauradiio
890 2863 1027 2944 harum
1051 2863 1295 2942 solutionum
1314 2866 1371 2944 est
1392 2861 1529 2958 causa3

217 2997 286 3054 um
304 2969 410 3049 enim
428 2964 677 3046 menstruum
695 2963 857 3044 solvens
869 2988 904 3040 v.
931 2987 967 3062 g.
988 2962 1147 3060 spiritus
1161 2961 1256 3041 nitri
1279 2963 1400 3064 magis
1418 2977 1530 3042 attra-

187 3076 246 3156 hit
263 3093 433 3172 cuprum
452 3089 567 3169 quam
593 3079 819 3166 argentum,
841 3065 903 3164 fit,
918 3077 963 3144 ut
980 3062 1154 3143 minimae
1172 3062 1332 3146 nitrosae
1357 3064 1532 3168 particu-

187 3179 242 3260 lae
259 3173 438 3264 minimas
466 3165 581 3269 cupri
603 3183 731 3267 partes
756 3167 904 3248 avulsas
927 3161 975 3240 ad
1002 3163 1046 3244 se
1072 3167 1280 3269 attrahant,
1308 3185 1531 3271 argentum-

213 3299 269 3360 ue
290 3271 482 3354 dimittant
497 3291 702 3371 32cupreae
715 3291 814 3349 vero
829 3265 1034 3368 particulae
1051 3268 1094 3348 in
1105 3267 1260 3371 liquore
1276 3285 1412 3352 natent
1420 3265 1548 3352 haud:

188 3307 327 3480 iecus,
357 3398 403 3453 ac
431 3397 520 3474 pars
544 3371 719 3473 plumbi,
750 3393 844 3474 quae
882 3367 1068 3470 specifice
1097 3371 1152 3452 est
1176 3369 1336 3472 gravior
1357 3399 1456 3476 aqua
1473 3375 1551 3488 (bs.

189 3486 310 3584 272),
328 3474 471 3574 majori
490 3473 587 3574 parti
612 3471 765 3554 suberis
781 3470 949 3571 illigata,
970 3471 1113 3570 pariter
1127 3472 1169 3549 in
1189 3489 1411 3574 aquanatat.
1459 3479 1530 3549 Sre

189 3576 402 3664 lavendula
420 3587 632 3753 praeparata
657 3595 749 3654 cum
777 3569 914 3650 lixivio
936 3573 1138 3672 eujusdam
1165 3573 1304 3672 alcali,
1327 3577 1368 3652 in
1390 3571 1526 3650 cellari

41 3687 52 3702 '
189 3685 306 3765 solvit
323 3680 472 3783 aliquot
525 3675 653 3756 ierum
678 3675 798 3774 spatio
821 3673 954 3752 album
982 3671 1073 3758 duri
1106 3675 1172 3756 ovi
1190 3676 1233 3754 in
1261 3672 1527 3757 dulciffimum

188 3787 411 3890 liquorem,
434 3778 503 3880 qui
536 3777 669 3882 liquor
692 3775 867 3878 attrahit,
892 3774 930 3854 δι
955 3774 1073 3856 solvit
1099 3775 1295 3880 myrrham
1325 3775 1526 3884 selehim,

188 3877 570 4003 quameaeteroquin
603 3876 759 3962 nullum
777 3876 891 3958 etiam
914 3877 1161 3960 lortiffimum
1189 3879 1434 3962 menstruum
1450 3907 1550 3994 'po--¹

163 3991 264 4088 ‘test
283 3985 514 4170 (iiiioiiliitiir
544 4103 661 4161 omne
685 4103 810 4182 genus
840 4080 887 4158 ab
918 4104 1022 4182 aqua
1057 4080 1227 4162 solvitur
1251 4105 1264 4183 3
1317 4081 1528 4164 Particulae

244 4195 336 4293 ippe
354 4187 491 4268 salium
513 4183 666 4266 ultimae
681 4181 971 4282 compositionis
990 4207 1128 4285 magna
1148 4184 1187 4264 vi
1211 4182 1406 4266 attrattiva
1424 4205 1528 4283 praee·

222 4295 286 4375 'toe
304 4293 414 4392 lunt,
438 4291 544 4372 inter
565 4310 662 4390 quas
677 4296 826 4466 tamer}J
835 4285 1043 4384 particulas
1066 4286 1230 4390 plurimi
1246 4287 1549 4488 meactppahilqlt-er»
