3802 4942
363 593 367 610 ,
473 491 546 582 482
908 485 1177 572 Srerrours
1226 489 1280 570 Il.

525 671 573 752 X.
624 661 686 754 Ex
712 669 855 777 aquali
881 669 1069 772 portione
1098 671 1213 752 calcis
1245 671 1352 755 vivae
1385 673 1579 776 sulphuris
1609 677 1763 760 &salis

421 771 652 854 ammoniaci
669 777 772 856 bene
780 773 1017 856 comminuta
1032 787 1146 874 atque
1155 776 1358 856 commixta
1382 775 1590 862 distillatur
1607 783 1763 885 spiritus

420 877 572 960 sumans
596 879 721 960 ruber
744 873 1091 982 tenuislimus,&c.
1177 973 1185 990 Ι
1758 933 1762 940 .

447 1061 451 1068 ,
522 985 553 1083 s·
580 999 662 1084 535.
719 983 909 1084 Denique
939 979 1044 1079 juvat
1076 973 1274 1076 duplrcem
1314 975 1510 1062 durorum
1551 1007 1762 1086 corporum

299 1183 300 1186 p
423 1079 672 1164 assertionem
695 1083 936 1184 breviffime,
961 1104 1004 1158 ac
1031 1075 1153 1160 veluti
1181 1079 1324 1160 cursnn
1350 1079 1582 1185 insrnuare,
1617 1109 1762 1192 nempe

259 1181 614 1294 nspnrunpertrmm
632 1189 690 1285 seu
711 1191 898 1288 scabritiem,
915 1185 1152 1262 &truttmunt
1180 1178 1319 1262 harum
1339 1182 1448 1284 prior
1465 1183 1660 1269 sribliouis
1677 1217 1762 1270 cau·

259 1287 304 1358 ts
321 1291 396 1363 Sca·
426 1287 481 1366 sat
508 1287 793 1390 obsistentium,
818 1291 856 1370 δι
879 1285 954 1364 alia
981 1305 1145 1384 corpore
1171 1305 1243 1384 pro
1267 1285 1405 1385 majori
1429 1299 1495 1368 aut
1512 1288 1658 1372 minori
1682 1293 1761 1374 suae

259 1381 377 1466 brittas.
426 1387 654 1494 superficiei
677 1384 1110 1498 inaequalitateanudit
1134 1383 1254 1486 magis
1277 1385 1501 1472 autminus
1565 1397 1762 1474 Vomeres

427 1502 538 1574 certo
564 1491 783 1600 durillimi,
810 1490 932 1573 ferrei
956 1487 1121 1592 circuli,
1146 1487 1241 1569 rotis
1266 1512 1450 1570 curruum
1478 1491 1763 1598 circumdusli,

424 1617 548 1676 omne
577 1598 790 1680 cultrorum
817 1619 939 1700 genus
971 1593 1046 1674 usu
1072 1589 1385 1694 consumuntur3
1430 1591 1527 1674 hinc
1551 1597 1632 1697 est,
1655 1599 1762 1704 quod

425 1697 576 1780 serrum
602 1702 675 1782 usu
701 1703 824 1782 multo
849 1699 1129 1778 comminutum
1159 1679 1273 1792 luto,
1306 1692 1348 1772 in
1381 1695 1508 1776 triviis
1532 1723 1762 1800 magnarum

426 1799 594 1882 Urbium
620 1803 824 1906 existenti,
848 1801 1025 1882 conserat
1039 1793 1263 1894 nigrorem,
1280 1793 1467 1899 quodque
1484 1797 1527 1878 in
1545 1801 1638 1904 ipsrs
1653 1803 1759 1903 plan·

425 1913 553 1984 tarum
579 1905 782 1992 cineribus
805 1901 928 1984 exiles
946 1897 1045 1982 ferri
1071 1893 1278 2012 particulae
1298 1891 1670 2006 deprehendantur,
1688 1929 1756 1987 nu·

426 2003 601 2090 tritionis
620 2008 786 2110 opificio
810 2005 1016 2108 assumptae.
1070 1999 1263 2080 Artrlrces
1289 2013 1420 2114 tamen
1446 2026 1662 2108 corporum
1690 2007 1759 2088 du·

424 2129 560 2190 rorum
588 2110 835 2214 scabritiem,
861 2103 912 2186 de
941 2099 1168 2208 sequidem
1194 2099 1310 2180 rebus
1335 2103 1537 2208 rnsestam,
1561 2105 1609 2186 ad
1639 2109 1760 2191 subfi-

424 2207 537 2291 dium
565 2239 647 2294 non
677 2212 879 2296 mediocre
907 2211 1095 2290 bonarum
1125 2201 1262 2284 artium
1288 2203 1534 2308 extulerunt,
1559 2207 1666 2314 quod
1692 2211 1759 2292 vel
1875 2297 1877 2300 ,

424 2313 470 2387 in
496 2311 574 2390 sola
600 2317 690 2396 lima
714 2315 883 2418 patescis
935 2313 1132 2394 caetemm
1155 2301 1355 2420 asperitate
1382 2331 1594 2410 corporum
1615 2313 1760 2394 sublata

425 2409 636 2494 facilitatur
658 2434 785 2496 motus
819 2411 1035 2498 eorundem
1063 2423 1177 2514 atque
1209 2405 1389 2522 duratro:
1425 2409 1511 2490 haec
1540 2415 1757 2516 causaest,

429 2511 534 2613 quod
559 2513 649 2598 duae
674 2518 819 2618 ligneae
850 2517 1010 2599 scatulae
1042 2513 1086 2594 in
1112 2507 1367 2590 commtlluris
1398 2509 1605 2614 smegmate
1630 2513 1759 2598 obdu·

428 2631 582 2722 cantur,
606 2617 790 2726 quodque
806 2619 1031 2703 cardinibus
1049 2617 1089 2698 dr
1106 2611 1240 2693 axibus
1261 2611 1609 2713 superinfundatur
1625 2619 1759 2700 oleum

426 2731 494 2800 aut
517 2743 634 2826 cera3
670 2725 806 2806 harum
832 2726 936 2806 enim
961 2718 1205 2824 globosarum
1233 2715 1400 2818 partium
1426 2715 1657 2801 interventu
1681 2724 1760 2800 sca·

424 2817 561 2905 brities
578 2829 866 2931 complanatur,
882 2821 1147 2908 &inoffensus
1164 2833 1290 2898 motus
1305 2813 1490 2904 redditur
1504 2821 1732 2906 volubilior.

663 2963 1322 3108 ru'mnncrro
1392 3009 1508 3107 xv.

852 3133 915 3218 De
948 3130 1097 3215 Virtute
1125 3127 1325 3212 Electum.

422 3253 561 3358 5536.
596 3259 816 3436 Nomine
840 3255 997 3339 virtutis
1023 3253 1223 3337 elestricae
1243 3250 1481 3376 intelligitur
1513 3275 1597 3336 cena
1611 3267 1758 3365 proprio·

617 3363 963 3573 ,matt
981 3359 1758 3576 {truttmuntstatuuat

262 3627 267 3634 .
419 3557 608 3641 eleslrica
633 3566 756 3646 virtus
782 3587 870 3644 cum
895 3563 1163 3644 recentissimis
1187 3556 1332 3639 nostris
1356 3563 1600 3665 temporrbus
1623 3584 1668 3642 tn
1696 3561 1754 3641 lu·

423 3681 510 3740 cem
537 3679 643 3748 tanto
669 3689 758 3748 cum
782 3662 1012 3744 curiositatis
1034 3663 1157 3748 illicio
1184 3663 1352 3746 extrasla
1371 3665 1440 3767 srt,
1461 3662 1663 3744 veteribus
1689 3687 1759 3740 au·.

423 3776 505 3878 tem
531 3793 613 3849 non
638 3767 806 3851 omnino
831 3765 953 3846 suerit
980 3765 1137 3872 ignota,
1159 3765 1305 3870 juverit
1323 3791 1483 3851 omnem
1502 3765 1608 3850 illius
1636 3765 1756 3846 histo·

421 3889 520 3946 rram
545 3871 676 3969 paucis
700 3869 913 3951 delineare.

526 3973 556 4073 §-
586 3998 668 4076 537.
718 3983 830 4055 rttntus
849 3977 924 4080 sust.
940 3981 1015 4052 Nat.
1033 3971 1108 4052 sab.
1128 3976 1356 4088 Mae-11·
1378 3967 1456 4082 ais:
1482 3963 1671 4052 eleslrum
1685 3967 1751 4048 seu

255 4075 394 4174 Hisorsa
426 4069 628 4156 succinum
661 4105 683 4155 a
708 4073 881 4157 foeminis
916 4075 958 4154 in
990 4073 1101 4182 Syria
1129 4071 1346 4153 adhib1tum
1373 4065 1486 4150 surse
1515 4071 1563 4152 ad
1586 4069 1751 4170 colum,

254 4185 401 4255 «burru-
424 4177 463 4256 dt
485 4189 664 4258 vocatum
691 4183 859 4296 harpaga,
892 4175 934 4254 id
964 4177 1021 4255 est
1051 4191 1281 4289 raptorem,
1305 4185 1535 4276 propterea,
1558 4167 1669 4277 quod
1693 4171 1751 4249 so·

254 4292 340 4364 'tarto
419 4276 492 4385 lia,
518 4279 670 4382 paleas,
694 4281 732 4361 dr
756 4281 928 4365 vestrum
949 4275 1126 4358 simbrras
1147 4277 1195 4357 ad
1222 4275 1264 4356 se
1288 4291 1474 4384 raperet:
1500 4279 1588 4357 Imo
1607 4269 1748 4454 eidem

1612 4425 1614 4431 ι
1660 4397 1702 4455 o-
