3782 4958
444 454 526 545 284
966 445 1184 520 sncrrours
1210 441 1244 520 1.
1383 443 1386 452 “

395 641 454 709 tat
462 625 552 707 ‘auri
574 625 762 705 mineram
782 623 1025 724 delitescere
1079 623 1283 706 Caeterum
1308 627 1350 706 in
1368 619 1743 710 montanis'metalli-

398 729 495 811 seris
511 751 612 810 rarae
626 723 838 808 admodum
855 731 1002 829 plantae
1022 729 1252 810 excrescunt
1277 729 1328 810 ob
1356 729 1573 812 corrosrvas
1599 733 1743 810 exhala-

399 833 526 928 tiones
542 831 785 926 vitriolicasq
812 829 849 908 δι
867 843 1059 932 praeterea
1076 826 1254 911 minimae
1280 833 1482 934 particulae
1507 833 1598 912 salis
1614 833 1744 914 volati-

399 935 471 1037 lis,
496 933 639 1036 oleoli,
666 931 850 1014 scindunt
866 959 911 1014 ac
929 931 1132 1015 destruunt
1147 947 1325 1016 teneram
1352 947 1543 1014 texturam
1561 935 1745 1050 plantula-

335 1107 336 1116 ,
397 1061 515 1138 rum3
570 1035 687 1141 Quod
711 1049 839 1116 autem
871 1034 982 1114 radix
1007 1036 1305 1135 Ipecacuanhae¹
1324 1063 1461 1118 aurum
1489 1035 1672 1138 indicet3
1705 1035 1744 1114 id

399 1137 619 1240 provenire
637 1136 798 1220 videtur
821 1157 870 1216 ex
895 1161 972 1239 eo,
1000 1137 1107 1242 quod
1134 1129 1397 1220 exhalationes
1420 1163 1555 1222 aureae
1582 1138 1743 1219 minerae

399 1241 559 1322 succum
577 1239 815 1322 nutntitium
833 1240 1022 1340 praestent
1039 1239 1100 1318 illi
1120 1239 1266 1344 radici,
1292 1237 1551 1347 ejusdemque
1568 1267 1689 1344 poros
1703 1239 1744 1320 sa

401 1367 454 1422 ne
471 1340 635 1422 laesrone
649 1341 935 1443 ingrediantur.
1733 1385 1736 1395 ·

502 1447 555 1523 ΙΙ.
583 1444 753 1546 Virgula
771 1443 1004 1525 divinatoria
1024 1440 1163 1545 bifida,
1191 1467 1240 1524 ex
1265 1446 1405 1549 corylo
1423 1441 1578 1525 refesia
1594 1451 1744 1550 sympa-

402 1547 519 1625 thiam
537 1560 696 1626 exercet
713 1571 802 1630 cum
818 1545 934 1628 venis
947 1545 1233 1648 mineralibus3
1260 1545 1369 1650 quod
1390 1545 1541 1626 slenim
1560 1547 1651 1626 haec
1669 1571 1745 1624 vrr-

404 1649 494 1748 gula
512 1671 628 1730 manu
643 1649 799 1731 sortiter
814 1661 993 1730 teneatur
1014 1650 1130 1750 super
1158 1649 1274 1748 loco,
1301 1649 1373 1731 ubi
1394 1647 1641 1729 subterranei
1661 1649 1745 1728 sunt

405 1750 649 1832 minutarum
664 1749 856 1854 thesauri,
881 1749 991 1832 illico
1006 1749 1180 1852 virgulae
1204 1749 1427 1831 extremitas
1455 1749 1595 1832 versus
1609 1763 1745 1828 terram

404 1852 633 1958 incurvatur
650 1879 663 1953 3
689 1851 798 1957 quod
816 1852 962 1954 pariter
979 1853 1026 1932 ab
1045 1851 1213 1934 effluviis
1244 1851 1454 1956 asymbolis
1471 1851 1746 1956 gravitantibus

402 1969 521 2060 atque
546 1953 826 2036 attrahentibus
848 1955 1045 2057 originem
1070 1953 1187 2034 trahit
1212 1981 1222 2032 a
1249 1954 1418 2034 maxime
1444 1954 1472 2034 fi
1496 1953 1660 2058 virgula
1683 1952 1744 2031 illa

406 2057 524 2160 supra
553 2055 684 2140 locum
710 2057 881 2162 aliquem
906 2057 1145 2138 minerosum
1168 2055 1399 2136 excreverit
1451 2060 1544 2138 Nun
1564 2079 1630 2138 me
1649 2056 1747 2158 latet,

356 2237 363 2252 „
405 2161 521 2264 plura
545 2183 567 2238 a
595 2157 826 2263 quibusdam
853 2159 1011 2242 attribui
1040 2159 1211 2259 virgulae
1239 2157 1333 2238 huic
1358 2158 1602 2262 inclinanti,
1635 2183 1744 2261 quarn

406 2262 516 2340 causa
537 2263 786 2346 effluviorum
803 2264 915 2364 poffit
932 2264 1093 2342 efficere
1111 2283 1124 2362 3
1151 2283 1310 2346 omnem
1331 2276 1461 2342 tamen
1485 2260 1665 2362 virgulae
1682 2261 1746 2340 hu·

403 2365 467 2464 jus
484 2358 686 2442 indicandi
702 2363 785 2444 vim
804 2363 856 2444 ad
872 2363 1094 2446 fabularum
1110 2361 1357 2468 physicarum
1377 2357 1534 2464 patriam
1554 2362 1744 2463 ablegare,

403 2465 525 2568 plane
542 2460 751 2548 inficetum
771 2467 898 2569 soret,
924 2465 1141 2568 praesertim
1170 2463 1217 2541 ab
1234 2465 1305 2564 iis,
1331 2463 1400 2566 qui
1424 2465 1582 2545 nullum
1600 2463 1745 2568 experi-

406 2581 582 2648 mentum
599 2565 706 2648 omni
724 2567 822 2651 vitae
841 2584 1022 2673 tempore
1040 2581 1269 2667 tentarunt3
1295 2590 1383 2646 cum
1402 2564 1467 2644 alii
1486 2566 1686 2652 innumeri
1696 2581 1746 2645 te-

407 2670 484 2752 stes
501 2685 616 2788 atque
641 2671 1016 2771 experimentatores
1037 2667 1210 2748 existant.
1263 2673 1466 2749 Caeterum
1493 2671 1607 2770 rejici
1635 2667 1747 2747 dehet

406 2771 501 2856 usus
516 2771 686 2874 vargulae
706 2773 979 2874 divinatoriae,
1004 2793 1084 2854 ceu
1103 2769 1270 2872 impius,
1296 2769 1325 2848 s1
1350 2795 1429 2874 qua
1447 2769 1551 2852 sorte
1573 2768 1746 2875 supersi·

407 2873 494 2957 tioli
509 2873 667 2976 quidam
686 2875 785 2959 ritus
798 2891 912 2983 atque
929 2873 1171 2956 caerimoniae
1186 2869 1383 2953 accedant.
1524 2921 1529 2926 -

195 2997 197 3002 ·
266 2983 397 3058 rum-
510 2979 587 3056 ΙΙΙ.
616 2983 716 3060 Cum
738 2981 854 3060 floret
871 2977 913 3056 in
937 2977 1080 3078 campis
1101 2975 1320 3075 hordeum,
1346 2973 1491 3056 dicitur
1511 2974 1663 3054 turbari
1691 2983 1755 3052 ceb-

180 3115 183 3124 ,
237 3112 311 3162 ram
327 3109 397 3160 ava
409 3076 600 3158 revisrain
617 3081 751 3160 cellari
777 3107 785 3159 ε
809 3081 949 3160 vinum
966 3077 1170 3157 turbidum
1191 3075 1373 3158 redditur
1389 3099 1440 3156 eo
1457 3089 1653 3178 tempore,
1671 3098 1746 3179 quo

234 3197 370 3285 porario.
410 3183 557 3261 florent
571 3179 680 3260 vites.
731 3181 903 3263 Maculae
923 3191 1140 3280 maternae,
1166 3181 1295 3260 cerasa
1313 3196 1380 3261 aut
1394 3179 1503 3280 sraga
1520 3180 1745 3274 referentex

409 3281 676 3364 intumescunt
701 3279 1051 3364 maturescentibus
1074 3280 1194 3380 fragis
1214 3295 1278 3364 aut
1300 3279 1466 3380 cerafis3
1507 3281 1644 3387 hisque
1669 3303 1748 3359 rur-

409 3385 495 3468 sum
512 3379 1007 3486 fruttibmdefinentibus,
1026 3385 1193 3464 maculae
1208 3383 1292 3462 illae
1305 3381 1517 3466 subsidunt
1569 3390 1742 3491 Quorum

409 3487 584 3570 omnium
603 3487 788 3570 causaest
804 3485 1075 3568 vehementior
1093 3484 1374 3601 particularum
1399 3483 1618 3582 evibratio,
1645 3485 1748 3564 esru

406 3589 534 3674 uiuus
551 3589 630 3672 illis
645 3605 826 3695 tempore
845 3588 1173 3685 efflorescentaae3
1201 3609 1293 3692 quae
1303 3585 1462 3691 quidem
1482 3586 1743 3690 effluvia,cum

399 3694 572 3775 minima
587 3692 676 3799 sant,
692 3693 809 3775 sacile
827 3714 900 3794 per
913 3699 1044 3771 aerem
1067 3689 1223 3790 longius
1238 3689 1546 3796 circumquaque
1566 3689 1746 3768 deserun-

410 3807 476 3876 tur
499 3795 543 3877 iu
567 3797 756 3899 cellaria,
781 3793 1072 3899 penetratisque
1097 3791 1285 3870 sacillime
1321 3793 1374 3871 ob
1399 3789 1741 3901 assymbolationem

409 3897 530 3997 vaste,
552 3899 691 3982 vinum
709 3897 902 4000 exagitant
920 3911 1033 4014 atque
1050 3893 1289 4002 perturbant.
1345 3898 1521 3978 Maculae
1540 3921 1659 3996 porro
1679 3913 1747 3970 ma·

411 4013 559 4098 ternae,
584 4003 671 4082 'cum
693 4002 843 4082 obvim
865 3998 1059 4100 plasticam
1080 3995 1391 4099 praegnantium,
1409 3997 1457 4078 ad
1471 3993 1745 4108 texturamsru·

413 4097 546 4180 {tuum
562 4099 720 4183 illorum
737 4100 898 4206 propius
916 4097 1132 4202 accedant,
1159 4097 1333 4199 asparsrs
1354 4104 1618 4217 undequaque
1636 4109 1746 4216 ⁸partr-
1861 4161 1862 4166 a

281 4298 284 4306 1
397 4195 512 4282 ἡοιίῑὶε
543 4207 721 4305 tempore
759 4199 1058 4282 efflorescentia
1074 4227 1174 4306 ‚nou
1209 4201 1406 4288 modicum
1440 4223 1597 4305 capiunt
1634 4215 1745 4386 llqlcre·

412 4323 600 4390 arentum.
1069 4327 1070 4330 ‘
1151 4375 1161 4386 ·
1692 4352 1700 4373 ·
1860 4323 1862 4326 ⁵
