3782 4958
472 521 560 598 424
924 467 1191 566 sncrror'ns
1247 481 1300 562 Π.

425 669 559 770 dotia,
589 679 702 773 atque
720 665 830 747 inter
854 666 1013 746 oculum
1036 661 1074 743 δι
1101 665 1235 745 lucem
1262 665 1451 748 collocata
1481 667 1677 752 videbitur
1700 671 1749 754 su·

424 797 517 853 men
535 771 753 851 caeruleum
779 769 1066 868 transmittere,
1093 767 1151 848 est
1182 768 1302 849 oculo
1328 769 1433 852 inter
1457 772 1586 853 lucem
1614 774 1649 852 da
1675 776 1748 852 bra·

424 875 547 958 {team
565 873 786 972 collocato,
810 869 1014 951 videbitur
1038 867 1191 951 brattea
1214 871 1282 948 illa
1310 899 1472 954 aureum
1499 879 1668 956 colorem
1698 899 1751 954 re·
1854 897 1856 970 t

425 979 616 1076 fletter03
650 976 778 1077 itaque
802 999 936 1056 aurum
962 972 1158 1055 caentleos
1189 971 1319 1054 radios
1347 976 1600 1079 transmittit,
1631 1003 1752 1061 aureos
1854 973 1855 982 '

427 1083 632 1164 seuflavos
654 1077 834 1158 reflettit.
886 1073 1078 1156 Tinttura
1103 1072 1202 1176 ligni·
1231 1067 1449 1180 Nephritici
1484 1079 1588 1162 inter
1613 1083 1752 1162 oculum
1854 1087 1856 1092 ’

425 1187 607 1270 &lucem
628 1181 816 1261 collocata
832 1182 951 1262 rubra
967 1193 1125 1278 apparet
1140 1201 1284 1258 verum
1301 1184 1423 1263 oculo
1446 1183 1552 1261 inter
1577 1185 1694 1263 lucem
1718 1182 1751 1264 dt

424 1286 634 1371 tiniiuram
650 1283 774 1386 posrto
793 1281 1037 1396 conspicitur
1052 1284 1235 1360 caerulea.
1287 1282 1351 1361 Sic
1370 1285 1482 1385 plura
1498 1287 1683 1366 titrorurn
1700 1306 1753 1384 ge·

425 1415 524 1474 nera
541 1385 647 1466 aliud
666 1410 788 1488 genus
810 1383 972 1468 lurnmis
996 1381 1283 1486 transmittunt,
1312 1384 1678 1487 alind-refieitunt,
1701 1411 1752 1463 ea·
1855 1447 1856 1450 a

426 1497 507 1598 qtt'e
524 1489 575 1604 dp
592 1493 700 1570 causa
720 1487 839 1568 variis
858 1487 1061 1568 coloribus
1082 1483 1284 1587 provario
1320 1489 1450 1590 oculi,
1471 1489 1594 1596 atque
1614 1489 1757 1570 luminis

427 1599 502 1678 fitu
517 1609 701 1696 apparent
719 1594 878 1674 imbuta.
930 1589 1007 1698 Ipsi
1024 1586 1168 1668 diversi
1189 1589 1522 1692 rei'rangibilitatis
1538 1591 1691 1694 gradus,
1706 1590 1753 1668 di-

422 1699 558 1780 versos
573 1695 728 1797 pariunt
745 1696 921 1794 colores,
948 1689 1058 1795 quod
1085 1691 1127 1770 in
1149 1691 1267 1768 bullis
1283 1715 1332 1772 ex
1351 1719 1448 1799 aqua
1467 1695 1611 1794 sapone
1629 1693 1755 1798 ingras-

343 1899 344 1904 ¹
426 1801 502 1880 sata
516 1797 786 1892 constantibus
806 1797 986 1899 patescit,
1012 1795 1218 1898 inquibus
1239 1795 1306 1874 lux
1329 1795 1436 1875 varia
1461 1821 1549 1876 com
1571 1797 1754 1901 obliquita-

424 1921 466 1984 te
482 1898 717 2000 resring'itur
734 1911 749 2002 ς’
774 1901 812 1980 dt
839 1897 1006 2000 amplius
1030 1900 1225 2000 patescet,
1251 1898 1323 1977 ubi
1354 1895 1406 1977 de
1430 1897 1541 1978 iridis
1572 1901 1755 1983 coloribus

423 2009 553 2086 sermo
569 2018 760 2086 recurret.
813 2005 901 2086 Imo
924 2004 1071 2082 mutato
1092 1997 1242 2080 lumine
1267 2001 1421 2081 colores
1448 2025 1611 2108 quoque
1633 2005 1672 2084 in
1697 2003 1754 2084 oo
1854 2033 1856 2036 ·

421 2109 532 2214 jetiis
550 2107 687 2188 mutari
704 2105 925 2210 iucundum
945 2102 1044 2182 illud
1061 2103 1372 2204 experimentum
1389 2113 1556 2210 probat,
1575 2107 1682 2212 qtiod
1698 2107 1754 2184 hu·

421 2239 534 2300 mana
549 2210 668 2290 iacies
689 2211 779 2290 alias
802 2205 941 2288 vivida
964 2207 1003 2288 dt
1030 2207 1228 2308 venusta,
1253 2205 1477 2308 horrendo,
1509 2209 1757 2315 mortualique
1854 2253 1856 2292 5

420 2315 572 2418 pallore
595 2312 771 2394 soedetur
796 2314 838 2390 in
861 2313 949 2391 luce
968 2311 1109 2411 stuppe
1126 2309 1250 2392 multo
1268 2310 1344 2388 sale
1361 2311 1605 2416 conspersae,
1631 2309 1759 2414 &post
1852 2293 1856 2444 Ι

422 2415 586 2498 affusum
605 2415 784 2516 spiritum
804 2415 887 2494 vini
910 2437 997 2493 curn
1027 2417 1190 2511 paucula
1207 2439 1303 2516 aqua
1315 2415 1511 2493 accensae.

248 2525 405 2600 eosornon
524 2521 554 2620 i.
573 2523 655 2620 4'72.
698 2525 758 2599 Ex
775 2520 915 2699 paribus
936 2517 1117 2595 omnibus
1133 2511 1383 2594 inserendum
1404 2517 1461 2596 est
1481 2515 1664 2599 coloratis
1680 2533 1756 2594 cot·
1853 2529 1855 2606 j

200 2637 205 2646 '
244 2629 315 2718 inest
336 2630 404 2730 tpfh
419 2621 582 2730 poribus
610 2648 690 2704 non
706 2621 771 2699 ine
802 2645 825 2699 e
843 2621 945 2725 ipsos
965 2621 1136 2715 cosor-es,
1166 2614 1231 2696 sed
1258 2635 1402 2697 certam
1426 2609 1669 2703 solummodo
1684 2633 1754 2698 tex·
1854 2695 1855 2700 a

244 2741 367 2834 corpori
418 2739 565 2824 turam,
591 2751 704 2831 aqua
723 2723 822 2810 lucis
838 2723 936 2804 radii
958 2735 1023 2834 aut
1043 2717 1303 2800 diversimode
1321 2720 1598 2826 renodantur,
1624 2736 1682 2803 aut
1702 2741 1754 2798 re
1854 2761 1855 2786 t

245 2828 312 2908 tu.
418 2825 659 2931 flettantor,
687 2844 750 2910 aut
778 2829 940 2908 omnino
969 2824 1260 2905 absorbeantur.
1312 2826 1460 2906 Album
1490 2839 1602 2907 certo
1630 2841 1754 2940 corpus

418 2927 518 3008 iilud
539 2931 677 3022 suerit,
704 2927 809 3035 quod
833 2930 965 3011 omnia
983 2925 1180 3003 radiorum
1201 2950 1346 3029 genera
1364 2947 1412 3004 ex
1430 2949 1546 3032 aequo
1564 2925 1721 3008 reflettu
1742 2941 1751 2996 t

417 3029 573 3128 nigrum
590 3031 721 3134 illud,
747 3032 856 3136 quod
877 3032 1007 3112 nullos
1027 3043 1090 3108 aut
1108 3053 1233 3128 prope
1254 3028 1385 3110 nullos
1400 3027 1611 3111 reflectens
1640 3023 1752 3105 radios
1853 3037 1854 3044 ‘

420 3131 616 3236 susceptos
633 3159 770 3216 omnes
802 3131 992 3213 suffocare
1018 3127 1371 3232 quodammodo&
1397 3129 1632 3232 extinguere
1656 3128 1753 3208 vide-
1852 3209 1854 3222 ff

419 3249 518 3330 tura
545 3236 638 3324 hinc
663 3261 738 3338 ope
766 3235 881 3312 lentis‘
907 3229 1092 3314 causticae
1119 3235 1231 3337 nigra
1260 3259 1427 3334 corpora
1450 3235 1642 3314 facillime
1667 3232 1753 3314 cate
1852 3259 1854 3268 ’

419 3335 547 3438 scunt,
571 3337 904 3436 &incenduntirn
922 3335 1008 3415 alba
1030 3331 1273 3413 difficillime.
1328 3339 1506 3454 Corpora
1521 3337 1684 3441 reliquit
1700 3357 1753 3412 co
1852 3339 1854 3398 Ῑ

421 3439 572 3522 loribus
592 3441 735 3520 imbuta
752 3437 843 3518 talia
862 3439 970 3540 sunt,
991 3437 1042 3516 ob
1061 3437 1129 3518 hos
1144 3439 1208 3519 vel
1227 3439 1317 3518 iilos
1333 3437 1486 3542 radros,
1505 3455 1567 3521 aut
1583 3435 1755 3532 solitarie,

421 3557 483 3623 aut
509 3541 661 3623 mixtim
691 3546 868 3621 reflexos.
931 3539 1045 3620 Ra'dii
1079 3554 1205 3623 autern
1236 3541 1333 3640 lucis
1361 3542 1525 3624 colorati
1556 3543 1753 3634 dicuntur,
1852 3595 1853 3630 1

420 3657 502 3725 nort
519 3643 627 3752 quod
655 3669 725 3746 per
747 3643 1118 3744 resrattionem,ve1
1142 3643 1396 3724 reflexionem
1418 3647 1571 3727 colores
1590 3649 1678 3728 suos
1695 3641 1751 3721 oi»
1852 3685 1853 3738 3

420 3747 601 3850 timeant,
632 3747 762 3831 radius
794 3749 940 3866 quippe
967 3747 1092 3830 ruber
1117 3771 1189 3848 per
1221 3745 1361 3854 prisma
1390 3748 1582 3852 separatus
1605 3745 1753 3850 quibua
1850 3823 1852 3848 ,

422 3875 580 3954 cunque
598 3851 681 3932 aliis
697 3855 735 3934 dt
751 3851 835 3932 aliis
853 3849 1154 3931 resratiionibns
1172 3849 1369 3932 immutari
1388 3852 1526 3952 nequit
1573 3849 1641 3928 sed
1657 3841 1753 3952 quod
1851 3907 1852 3928 i

425 3953 552 4034 nativa
580 3955 743 4056 quadam
766 3955 913 4034 virtute
932 3951 967 4030 dr
985 3951 1233 4062 dispositione
1251 3951 1407 4052 praediti
1430 3953 1505 4034 fint
1523 3907 1681 4054 singuli,
1696 3949 1755 4027 hu·
1850 3963 1852 4046 j

420 4055 484 4156 jus
505 4057 568 4132 vei
597 4055 702 4138 itlius
727 4057 873 4135 coioris
897 4055 1049 4133 sensum
1075 4055 1117 4132 in
1145 4055 1257 4134 nobis
1286 4055 1464 4135 excitare.
1516 4061 1616 4136 Haec
1632 4069 1753 4134 tamen

424 4155 556 4262 omnia
572 4155 621 4236 ita
640 4157 838 4238 intelletta
854 4157 1000 4251 velim,
1019 4181 1098 4233 non
1115 4155 1222 4255 quod
1240 4173 1368 4257 putem
1388 4159 1541 4240 colores
1557 4157 1659 4257 ipsos
1680 4155 1755 4232 sen·
1850 4169 1852 4218 ἓ

412 4255 553 4360 sibiles
582 4257 703 4340 inesse
730 4254 850 4336 radiis
878 4253 1007 4356 lucis,
1035 4280 1125 4342 curn
1151 4256 1270 4344 stein
1301 4261 1473 4343 sensorio
1494 4275 1640 4342 tanturn
1669 4257 1755 4358 ssot,

1577 4384 1710 4482 quent·
