3878 4958
481 513 555 596 152
726 573 729 581 ,
975 490 1242 576 Sacrrours
1294 497 1329 578 1.

427 683 463 770 ri
481 673 796 782 aquaemarinae,
822 675 1043 760 subtiliores
1059 678 1145 762 salis
1170 678 1334 760 exsoluti
1362 678 1673 783 particulas'curn
1693 683 1760 764 ad·

427 777 668 874 haerenubus
684 807 705 857 a
731 779 816 860 ueis
835 781 1033 880 particulis
1049 798 1111 865 aut
1130 809 1202 886 per
1216 783 1309 863 vitri
1329 809 1448 884 poros
1463 803 1526 866 aut
1541 813 1613 890 per
1629 792 1762 868 occlu-

430 881 626 971 fiorificii
644 879 697 962 du
794 883 1020 966 intrudenti.
1074 889 1269 991 Caetemm
1299 889 1573 989 experimentis
1591 891 1764 970 indubiis

430 986 714 1068 confirmatum·
729 985 812 1066 est:
841 985 983 1088 pedem
1011 987 1201 1090 cubicum
1217 985 1327 1090 aquae
1347 987 1471 1070 dulcis
1494 1021 1541 1090 72
1561 993 1679 1088 libras
1697 1019 1760 1092 ap-

427 1087 626 1193 pendisse,
659 1112 746 1169 cum
770 1113 838 1192 pes
863 1090 998 1170 itidem
1027 1090 1185 1172 cubicus
1212 1113 1332 1192 aquae
1349 1092 1512 1174 marinae
1538 1105 1625 1200 733,-
1643 1097 1763 1178 libras

454 1190 676 1274 onderaret.
722 1203 839 1295 Aqua
855 1196 985 1276 rursus
1012 1193 1227 1274 marinain
1254 1191 1425 1296 partibus
1449 1195 1760 1302 septentrionali·

425 1223 503 1382 dus
518 1296 674 1394 gravior
688 1319 785 1392 aqua
801 1295 915 1376 maris
931 1295 1198 1380 meridionalis
1216 1297 1284 1386 est.
1353 1371 1357 1380 ,
1447 1383 1449 1392 .
1540 1333 1543 1340 ⁴

530 1401 583 1474 V.
611 1395 789 1486 Gravitas¹
811 1393 1081 1500 atmospbaerae‘
1104 1409 1231 1479 aereae
1257 1397 1569 1500 deprehenditur
1594 1403 1638 1482 in
1661 1403 1761 1484 tubo

423 1494 720 1578 Torricelliano
739 1498 808 1576 seu
827 1504 1073 1602 Barometro,
1100 1497 1244 1604 dequo
1271 1499 1371 1580 insra
1391 1503 1443 1605 (s.
1461 1511 1579 1601 182),
1607 1505 1671 1586 sus
1693 1529 1764 1582 en-

429 1600 535 1680 ditur
551 1600 695 1702 quippe
715 1600 936 1714 Mercurius
953 1603 1000 1680 ab
1019 1613 1110 1696 aere
1123 1617 1329 1708 'premente
1349 1601 1395 1682 ad
1418 1607 1473 1704 27¹
1485 1605 1644 1686 circiter
1661 1534 1765 1706 digi-

425 1719 511 1805 ωε,
534 1729 630 1806 aqua
643 1725 741 1784 vero
757 1701 803 1780 ad
825 1725 872 1804 32
890 1705 1020 1806 pedes.
1073 1705 1193 1811 Quod
1206 1705 1470 1808 aequilibrium
1487 1709 1587 1788 aeris
1604 1709 1642 1788 u
1657 1733 1758 1786 mer·-

428 1808 527 1890 eurii
543 1829 625 1886 non
640 1802 816 1907 inducit,
840 1831 919 1908 quo
950 1807 1077 1886 minus
1104 1805 1142 1884 dt
1158 1806 1373 1894 mercurius
1396 1809 1436 1886 dr
1459 1818 1525 1888 aer
1547 1825 1692 1892 'reuera
1715 1809 1764 1888 iu

264 1932 343 2010 m,
357 1923 565 2009 mterram
593 1907 788 2009 gravitent
818 1935 829 1984 a
865 1903 1208 2010 quemadmodum,
1228 1907 1323 1992 dum
1351 1909 1451 2006 lanei
1478 1913 1519 1992 A
1545 1909 1766 2006 mercurius¹

261 2041 369 2124 ιω,
424 2038 512 2094 cum
537 2020 628 2092 aere
647 2009 912 2114 aequilibratru
922 2011 1134 2112 imponitur
1151 2039 1164 2112 3
1192 2013 1233 2096 in
1254 2012 1373 2090 altera
1386 2035 1484 2091 vero
1499 2011 1760 2114 lanceBpon·

287 2121 311 2139 '⁶
423 2113 494 2196 duc
512 2115 741 2218 plumbeum
759 2118 793 2194 C
813 2144 822 2192 z
850 2109 1065 2194 mercurius
1080 2136 1169 2192 cum
1189 2123 1279 2194 aere
1299 2111 1568 2216 aequilibrams
1584 2115 1625 2192 in
1645 2113 1758 2210 lance

422 2228 464 2300 A
486 2225 536 2301 ob
554 2217 747 2320 aequalem
766 2213 993 2316 gravitatem
1013 2237 1100 2294 curn
1116 2216 1279 2316 plumbo
1296 2219 1355 2315 C,
1383 2215 1496 2294 alteri
1509 2219 1638 2302 rtusus
1654 2213 1762 2298 lanei

422 2319 741 2435 Baequilibrari:
766 2317 846 2396 into
868 2313 896 2394 fi
915 2321 1051 2398 locoC
1072 2313 1191 2396 altera
1213 2317 1402 2400 libellaD
1415 2315 1660 2418 ponderibus
1681 2315 1761 2428 suis

423 2421 668 2524 aequilibrata
697 2417 1015 2522 appenderetur,
1046 2421 1361 2530 aeqttilibraretur
1386 2419 1475 2502 uaee
1506 2416 1638 2502 denuo
1665 2445 1762 2524 cum

423 2525 608 2624 gravitate
627 2521 812 2604 mercurii
826 2520 867 2600 in
884 2519 998 2600 lance
1015 2525 1066 2600 A.
1191 2559 1194 2564 ·

258 2639 336 2718 Tul.
348 2645 415 2720 m,
521 2628 597 2704 VI.
622 2623 783 2706 Tubtdo
799 2621 935 2728 vitreo⁸
954 2625 1027 2728 ΑΒ
1043 2619 1228 2721 utrinque
1244 2637 1379 2724 aperto
1404 2621 1695 2724 circumligetur
1710 2625 1758 2704 in

253 2749 365 2850 ἴω,
421 2727 662 2810 extremitate
681 2725 854 2806 Bresrca
871 2729 928 2824 C,
954 2725 1070 2826 plena
1087 2723 1282 2802 mercurio
1301 2749 1316 2822 3
1365 2723 1486 2830 Quod
1505 2724 1532 2806 fi
1553 2719 1680 2828 daque
1699 2725 1762 2803 tu».

422 2832 540 2912 buius
553 2837 627 2927 AB
644 2853 731 2910 cunt
750 2827 878 2912 vesica
896 2829 929 2926 C
948 2827 1025 2906 vasi
1054 2826 1124 2904 EF
1149 2850 1247 2925 aqua
1270 2825 1391 2926 pleno
1416 2823 1603 2908 immissus
1616 2825 1765 2929 suerit,

418 2931 618 3016 ridebitur
632 2929 849 3012 mercurius
865 2932 907 3009 in
922 2927 1017 3012 tubo
1033 2925 1246 3006 ascendere
1260 2952 1382 3028 usque
1403 2931 1447 3008 in
1463 2929 1521 3030 D,
1539 2931 1668 3034 eoque
1679 2953 1758 3006 ma-

419 3036 480 3137 gis
494 3031 676 3112 ascendet
690 3035 932 3134 mercurius,
958 3059 1037 3140 quo
1056 3031 1186 3130 major·
1202 3027 1325 3110 suerit
1348 3025 1511 3114 altitudo
1528 3054 1650 3134 aquae
1667 3029 1762 3132 pr'e-

420 3135 560 3215 mentis
580 3135 698 3234 supra
713 3132 896 3212 vesicam
1706 3229 1711 3236 .

520 3239 550 3336 t.
571 3253 656 3334 153.
678 3239 856 3336 Verum,
880 3230 988 3336 quod
1014 3234 1041 3314 st
1063 3237 1135 3311 aer
1151 3230 1189 3308 u
1214 3257 1310 3336 aqua
1333 3249 1480 3314 terram
1505 3235 1640 3316 versus
1667 3259 1760 3338 pre·

419 3351 554 3439 munt,
578 3357 697 3416 eccur
713 3335 835 3435 igitur
852 3337 969 3416 homo
986 3360 1066 3416 non
1082 3329 1200 3441 sentit
1223 3331 1374 3434 pondus
1399 3338 1498 3416 aeris
1524 3337 1763 3438 incumben-

418 3442 485 3542 tia,
512 3463 588 3520 nec
603 3439 783 3522 urinator
799 3451 862 3520 aut
879 3433 993 3540 piscis
1011 3461 1123 3554 aquae
1140 3437 1167 3550 sr
1207 3438 1271 3517 Fit
1300 3437 1398 3519 illud
1416 3452 1578 3542 propter
1597 3441 1697 3522 aeris
1714 3441 1756 3524 dt

419 3567 531 3647 aquae
550 3541 839 3646 aequilibrium,
865 3539 1257 3641 quus&1nsenores
1284 3541 1320 3618 δι
1347 3540 1529 3622 laterales
1550 3559 1676 3646 partes
1692 3543 1758 3624 su-

418 3649 586 3728 stentant
604 3643 850 3746 superiores,
874 3643 998 3745 iisque
1015 3641 1326 3744 aequilibrantur.
1373 3651 1490 3726 §cetu
1517 3645 1642 3728 multo
1665 3667 1757 3725 eve-

419 3751 547 3848 niret,
572 3744 758 3850 fi'corpus
767 3743 925 3846 aliquod
945 3765 994 3823 ex
1009 3745 1220 3824 unasolum
1233 3759 1340 3842 parte
1355 3771 1457 3828 onus
1474 3770 1588 3849 aquae
1603 3746 1760 3834 incum-

421 3851 549 3928 bentis
566 3849 723 3950 sentiat,
750 3871 798 3930 ex
816 3847 999 3928 lateribus
1016 3861 1144 3926 autern
1167 3845 1324 3926 &insta
1341 3847 1379 3926 se
1400 3848 1498 3928 nihil
1519 3871 1630 3952 aquae
1655 3847 1756 3949 adja-

421 3953 543 4030 centis
566 3951 729 4053 babeat,
755 3945 857 4032 illud
881 3946 1085 4028 sortissrme
1103 3949 1149 4024 ab
1168 3973 1275 4049 aqua
1292 3965 1521 4050 premetur,
1540 3965 1601 4036 ·ut
1625 3943 1759 4036 'elucet

421 4052 464 4130 in
480 4055 663 4134 rasorum
682 4051 836 4154 fundis,
860 4075 950 4153 quae
969 4073 1050 4130 non
1068 4074 1158 4128 raro
1185 4053 1238 4131 ob
1263 4078 1398 4155 aquam
1423 4055 1677 4154 gravitantem
1699 4054 1756 4136 sa-

420 4155 574 4236 liscuut
624 4155 822 4261 Quoniam
838 4150 958 4252 igitur
973 4175 1112 4252 eorpus
1123 4152 1279 4254 aliquod
1296 4177 1415 4256 aquae
1428 4155 1650 4256 impositum
1668 4179 1753 4256 ug.

420 4255 583 4360 lignum,
598 4279 680 4344 noo
701 4257 894 4366 attollitur*
914 4269 1021 4340 extra
1048 4279 1182 4362 aquato
1202 4257 1371 4359 praecise
1399 4257 1440 4340 vi
1456 4283 1569 4364 aquo
1585 4256 1754 4375 inser-io·

1631 4385 1701 4471 ns,
