3782 4958
467 435 539 556 μὴ
902 419 1167 576 'Sumptus
1211 443 1253 532 ll
1400 467 1403 473 '

418 635 585 711 minatur
608 628 729 710 solida
755 652 869 724 aenea
899 631 1043 714 lamina
1067 634 1170 736 sT,
1194 653 1284 736 quae
1308 629 1459 718 duabus
1481 621 1670 739 aperturis
1697 636 1751 718 in.

418 732 598 834 struitur,
627 745 671 812 ut
689 755 829 834 nempe
848 733 1019 850 cylindri
1036 731 1115 820 duo
1132 741 1174 814 A
1190 737 1273 815 &B
1299 734 1449 836 imponi
1474 743 1615 840 poffint
1635 764 1648 837 3
1685 739 1751 820 hee
1846 759 1852 766 ·

418 833 553 916 rursus
568 848 764 936 aperturae
782 859 854 935 per
871 851 1095 917 intraneum
1116 833 1274 916 dullum
1292 835 1396 917 inter
1413 839 1453 916 se
1472 841 1512 920 dr
1526 863 1620 918 cum
1638 839 1756 918 tubu⁴

416 933 459 1014 lo
485 967 522 1028 γε
549 935 871 1016 communicant:
900 939 986 1019 sont
1011 953 1203 1039 praeterea
1228 935 1322 1016 huic
1347 938 1504 1020 laminae
1530 938 1753 1022 afferrumi-

418 1047 520 1116 natae
542 1034 633 1116 duae
656 1035 794 1118 solidae
819 1040 1018 1118 columnae
1036 1034 1148 1142 Ol),
1175 1033 1216 1114 in
1235 1037 1373 1142 quibus
1398 1043 1580 1122 attinetur
1609 1039 1754 1120 lamina
1876 1059 1877 1064 ‘

417 1141 510 1234 EE,
537 1136 688 1216 duobus
704 1139 842 1220 fulcris
857 1143 890 1218 F
908 1137 1110 1240 instruile,
1128 1141 1165 1218 dt
1186 1136 1336 1219 duabus
1351 1143 1394 1221 in
1411 1137 1655 1227 extremitate
1663 1166 1755 1222 ver-
1876 1199 1877 1202 π

414 1235 713 1317 tebtisfirmata.
762 1241 932 1321 Duobus
957 1237 1373 1340 solerisl'imponitur
1395 1257 1480 1321 rota
1504 1251 1543 1323 Η
1567 1238 1756 1325 dentibus
1875 1249 1877 1252 ’

302 1385 309 1420 r
393 1337 604 1421 *instructa
638 1368 648 1416 ε
682 1339 937 1440 imponuntur
971 1339 1128 1422 tandem
1162 1341 1274 1420 etiam
1310 1339 1465 1424 duobus
1496 1367 1518 1422 c
1547 1339 1687 1422 lindris
1712 1351 1755 1426 A

417 1439 456 1518 uz
474 1443 504 1516 Β
524 1435 657 1539 pistilli
677 1441 744 1522 seu
767 1440 913 1522 emboli
931 1441 1015 1523 duo
1033 1446 1130 1541 GG,
1155 1440 1323 1522 inferius
1338 1443 1478 1523 subere
1564 1441 1677 1522 corio
1695 1442 1756 1524 in·

419 1537 581 1640 noui,
616 1541 657 1622 su
685 1566 781 1624 erne
819 1559 948 1624 autern
982 1541 1200 1644 dentibus,
1224 1553 1389 1643 rotaevll
1422 1541 1756 1645 proportionatis,

418 1657 536 1743 atque
568 1639 608 1718 hi
671 1671 726 1724 uo
745 1641 905 1722 emboli
939 1667 1014 1744 ope
1051 1641 1219 1726 duorum
1254 1647 1489 1728 annulorum
1523 1647 1612 1726 MM
1651 1663 1756 1726 rotae

420 1757 607 1843 aptantur.
658 1745 831 1846 Singulis
848 1745 1037 1848 cylindris
1052 1746 1153 1826 insta
1171 1743 1339 1824 sondum
1356 1743 1597 1845 transfigitur
1613 1744 1757 1848 episto-

418 1845 566 1946 mium,
591 1845 706 1928 cuius
720 1845 844 1926 cauda
859 1843 1020 1926 videtur
1032 1845 1075 1929 in
1094 1851 1193 1948 NN,
1219 1845 1257 1926 ta
1279 1847 1366 1926 haec
1383 1843 1582 1945 epistomia
1600 1871 1672 1948 per
1690 1870 1754 1924 re-

419 1945 548 2046 gulam
566 1963 715 2028 aeneam
731 1954 806 2026 00
826 1946 877 2024 ita
889 1947 1129 2047 junguntur,
1155 1961 1199 2026 ut
1217 1961 1327 2026 motu
1354 1947 1504 2047 regulae
1520 1953 1620 2058 ⁸00,
1637 1948 1757 2026 ambo

386 2055 391 2069 ‘
421 2045 624 2148 epistomia
645 2046 758 2135 snnul
772 2049 815 2130 da
837 2045 980 2127 eodem
1002 2059 1177 2148 tempore
1205 2059 1495 2130 convertantur·
1546 2051 1672 2128 Porro
1692 2071 1755 2126 re·

423 2147 511 2248 gula
530 2169 641 2226 aenea
661 2155 733 2230 00
756 2150 798 2228 in
815 2146 1173 2228 mediomnexum
1199 2147 1313 2226 habet
1337 2145 1490 2228 vellem
1507 2157 1567 2256 Q,
1592 2149 1756 2230 inferne

423 2249 552 2330 rotula
567 2249 823 2348 instruilum,
851 2274 942 2351 quae
967 2265 1115 2330 motum
1133 2249 1176 2328 in
1202 2247 1446 2329 semicirculo
1462 2249 1595 2330 lerreo
1615 2254 1645 2331 P
1662 2251 1755 2331 saci·

424 2351 518 2430 litet.
571 2352 649 2430 Axi
667 2368 768 2430 rotae
786 2358 824 2430 H
846 2351 1062 2450 applicatur
1080 2359 1159 2432 ¹una
1183 2373 1232 2430 ex
1249 2363 1357 2450 parte
1378 2347 1500 2432 vellis
1527 2352 1594 2429 seu
1619 2375 1755 2432 manu·

425 2449 555 2532 brium
572 2453 647 2530 RR
673 2479 683 2528 a
709 2473 758 2530 ex
784 2452 1026 2546 alteravero
1052 2468 1158 2553 parte
1185 2473 1284 2532 crux
1315 2449 1444 2530 serrea
1475 2457 1587 2538 WW
1602 2485 1617 2552 5
1632 2451 1756 2554 'cuius

390 2580 391 2584 ¹
423 2573 499 2650 ope
522 2549 645 2630 vectis
671 2557 730 2658 Q,
754 2551 792 2630 u
817 2556 957 2658 regula
980 2577 1094 2634 aenea
1120 2559 1193 2632 00
1229 2549 1404 2650 agitatur.
1460 2562 1545 2650 Jam
1572 2551 1600 2629 si
1628 2553 1671 2632 in
1697 2552 1756 2630 di-

337 2719 344 2734 .
425 2653 531 2732 scum
558 2652 796 2751 superiorem
829 2677 984 2734 aeneum
1012 2691 1070 2751 α,
1096 2653 1207 2731 corio
1239 2649 1498 2750 instrullum,
1530 2651 1754 2752 imponatur

424 2777 607 2854 campana
631 2752 778 2856 vitrea,
804 2770 919 2858 atque
946 2753 1148 2834 manubria
1171 2755 1245 2838 RR
1280 2754 1501 2852 agitentur5
1538 2753 1753 2833 ascendens

424 2855 654 2938 alterutrum
690 2857 891 2938 brachium
921 2855 1049 2938 ¹crucis
1083 2861 1169 2952 W,
1204 2853 1375 2954 regulam
1408 2871 1555 2932 aen'eam
1591 2862 1664 2934 00
1699 2855 1755 2934 fic

414 2955 596 3056 diriget,
620 2974 663 3038 ut
688 2954 904 3036 ascendens
930 2955 1073 3056 pariter
1108 2954 1274 3054 pistillos
1289 2957 1355 3056 G,
1387 2963 1516 3056 aerem
1542 2977 1614 3054 per
1637 2956 1752 3035 tubu-

428 3055 507 3132 lum
526 3088 579 3145 γε
606 3081 656 3135 ex
682 3080 862 3158 campana
900 3058 941 3136 in
975 3053 1200 3157 cylindrum
1226 3061 1256 3134 B
1292 3055 1510 3155 propellatt
1544 3056 1754 3135 altervero

428 3153 607 3234 embolus
644 3155 836 3260 deprellus
860 3167 1016 3253 aerem,
1046 3154 1088 3232 in
1121 3153 1306 3261 cylindro
1340 3162 1379 3235 Α
1409 3169 1658 3258 contentum,
1683 3179 1755 3257 per

428 3251 620 3352 epistotnii
656 3257 907 3339 soramellum
933 3258 969 3332 N
1005 3257 1203 3356 exprimat.
1263 3254 1484 3353 Epistomiis
1515 3261 1589 3336 NN
1622 3258 1756 3359 supet·

428 3353 590 3460 ponitur
614 3355 770 3440 valvula
796 3380 845 3436 ex
870 3356 1016 3453 vetica,
1041 3381 1133 3460 quae
1158 3353 1341 3458 impediat
1374 3357 1473 3436 aeris
1507 3357 1662 3436 externi
1695 3359 1754 3436 in·

427 3453 626 3562 ¹grellurn3
653 3461 706 3540 fic
731 3455 875 3560 quippe
901 3456 1159 3558 maximopere
1183 3462 1304 3538 motus
1328 3456 1485 3536 facilitas
1510 3474 1751 3558 procuratur.

174 3528 201 3554 ⁵
325 3597 326 3600 κ
425 3567 587 3642 Interne
604 3554 810 3666 quodlibet
827 3559 1157 3660 hocepistomium
1174 3563 1249 3636 NN
1271 3555 1414 3658 duplex
1428 3558 1676 3642 foramellutn
1693 3559 1756 3636 ha·

426 3665 514 3764 bet,
538 3685 656 3746 unum
685 3651 858 3741 deservit
882 3659 1102 3742 immiffioni
1130 3656 1228 3736 aeris
1252 3681 1301 3736 ex
1324 3659 1467 3742 tubulo
1494 3691 1538 3753 γε
1566 3661 1608 3740 in
1634 3661 1758 3768 cylin-

429 3763 543 3843 drum
567 3773 609 3847 Α
634 3761 699 3844 vel
725 3769 756 3844 B
786 3793 795 3842 ε
824 3765 986 3844 alterum
1012 3783 1108 3838 vero
1135 3759 1321 3838 emillioni
1350 3761 1449 3840 aeris
1482 3783 1553 3860 per
1578 3761 1759 3842 soramel·

430 3863 509 3940 lum
534 3864 575 3944 in
600 3869 675 3944 NN
700 3866 804 3946 viam
830 3879 968 3967 parat3
997 3863 1161 3960 haecque
1187 3859 1338 3941 interna
1370 3861 1574 3940 soramella
1597 3859 1673 3964 pr'o
1699 3889 1757 3942 ra·

429 3961 537 4046 tione
564 3983 771 4066 commotae
796 3967 946 4066 regulae
970 3969 1043 4042 00
1070 3961 1269 4042 alternant.
1320 3967 1756 4062 Rarometrumpraete·

429 4065 498 4144 'rea
516 4087 586 4157 oo
615 4067 872 4144 communicat
902 4063 1000 4140 tubo
1034 4059 1167 4139 antliae
1194 4093 1242 4154 pe
1268 4060 1372 4161 quod
1398 4063 1527 4142 fulcro
1555 4073 1570 4146 t.
1599 4059 1756 4162 infinit,
1875 4071 1877 4076 ’

430 4165 474 4246 in
500 4167 597 4248 scala
616 4163 809 4244 'mercurii
842 4159 1086 4242 ascendentis
1111 4175 1262 4243 notatur
1272 4215 1292 4266 2
1324 4161 1372 4243 ad
1397 4169 1650 4342 quotumnagr
1677 4187 1756 4264 gra·

1641 4289 1711 4347 unt
