3782 4958
437 437 518 534 088
624 441 674 453 ”
893 433 1160 516 Srcrrours
1214 435 1237 514 I
1299 455 1305 462 ·

492 624 563 705 xl.
611 617 728 702 Buffo
746 617 787 698 in
818 613 996 698 cinerem
1023 602 1241 703 redistusc
1277 616 1370 698 item
1387 637 1562 702 ereneus
1591 621 1742 726 vivut,

390 719 444 806 in'
464 743 548 826 apta
571 711 705 825 pixide
734 719 964 820 conclusus,
988 719 1186 800 hominem
1213 719 1458 802 deserentem
1483 726 1593 823 peste
1616 727 1742 804 elibe-

392 843 507 929 rrnt3
534 827 629 943 quia
654 847 797 926 nempe
822 821 911 902 haec
935 837 1126 902 venenata
1149 845 1341 926 corpora,
1367 823 1592 1004 asspmbolas
1614 850 1741 908 vene-

390 931 434 1012 ni
460 929 666 1030 partlculas
689 921 736 1006 ad
764 917 806 1003 se
841 925 1062 1025 attrahunt,
1089 949 1180 1028 quae
1204 925 1383 1026 alioquin
1437 925 1609 1008 ominem
1640 931 1744 1010 inse·

393 1031 538 1112 cissent
588 1029 628 1110 Si
645 1025 869 1134 quempiam
893 1023 1068 1126 scorpius
1110 1044 1172 1108 aut
1191 1030 1350 1130 serpens
1370 1029 1610 1134 momordit3
1637 1033 1744 1114 scor-

392 1137 503 1238 pium
530 1129 734 1234 occisum,
776 1144 842 1210 aut
864 1126 1027 1244 jugulati
1066 1081 1256 1232 serpentis
1282 1143 1397 1230 ceput
1431 1131 1592 1212 'vulneri
1618 1133 1744 1238 appli-

394 1251 487 1340 cet:
512 1235 549 1314 δι
574 1231 730 1314 diffusae
749 1254 899 1316 venem
915 1245 1044 1332 partes
1067 1255 1115 1310 ex
1132 1255 1301 1334 corpore
1319 1232 1489 1314 humano
1504 1235 1547 1315 in
1565 1235 1741 1320 nativum

393 1338 506 1418 suum
534 1333 781 1414 domicilium
799 1347 1066 1414 revertentur.
1120 1367 1128 1376 ·

499 1441 589 1520 XII.
629 1435 831 1516 Mirabiles
849 1435 941 1514 sunt
956 1435 1117 1538 prorsus
1134 1432 1299 1520 effestus
1316 1437 1568 1547 effluviorum
1585 1461 1610 1517 e
1629 1440 1742 1540 plan-

391 1545 441 1627 tis
458 1535 712 1646 quibusdam,
731 1565 830 1718 puts
849 1535 972 1618 refert
994 1537 1097 1618 Clar.
1126 1547 1325 1623 Barbam:
1356 1539 1494 1620 Vicini
1512 1561 1657 1642 nempe
1676 1567 1741 1640 pa·

392 1643 548 1749 paveris
567 1641 706 1724 halitus
749 1663 908 1721 omnum
926 1639 1112 1720 conciliat
1127 1672 1137 1722 r
1173 1641 1273 1722 Taxi
1288 1667 1411 1744 vapor
1428 1642 1485 1724 est
1504 1641 1654 1720 lethalis
1670 1645 1739 1724 ho-

396 1745 520 1848 mini,
555 1745 686 1826 subtus
714 1739 957 1824 dormienti:
994 1741 1103 1824 alvus
1125 1742 1270 1826 sistitur
1285 1741 1487 1824 recubanti
1509 1745 1580 1825 sub
1599 1747 1741 1826 umbre

391 1847 620 1954 juglandis:
646 1847 821 1928 sabarum
840 1843 1066 1924 florentium
1084 1843 1201 1947 odor,
1226 1843 1374 1926 diutius
1396 1847 1603 1948 attractus,
1631 1862 1743 1927 men·

393 1969 472 2032 tem
498 1964 631 2055 movet
649 1951 720 2030 &c
773 1939 894 2054 Quod
916 1960 1044 2024 autem
1063 1947 1103 2024 hi
1121 1945 1283 2030 effeetus
1299 1949 1346 2026 ab
1363 1949 1617 2030 effluviorum
1641 1973 1742 2054 quo⁶

396 2077 472 2160 que
496 2050 718 2135 diversitate
739 2045 1005 2151 proveniant,
1039 2047 1186 2130 exinde
1209 2050 1430 2130 evincitur:
1463 2049 1571 2153 quod
1597 2075 1741 2154 perpe-

393 2171 478 2239 tuae
509 2156 773 2238 exhalationes
798 2149 977 2249 stirpium
1004 2149 1142 2232 aestivo
1170 2165 1379 2255 tempore,
1403 2153 1526 2234 veluti
1554 2153 1741 2255 meljss'ae,

396 2273 498 2341 rutae
525 2259 598 2338 &c
626 2254 796 2370 eundem
828 2274 954 2368 prope
984 2247 1196 2368 effessum,
1232 2251 1299 2372 sed
1327 2251 1562 2370 debiliorem
1590 2253 1740 2358 produ-

223 2453 287 2525 n.
300 2445 383 2518 m-
396 2353 1742 2560 “mutimsi:littttnitlmffttttl,illiniti

215 2553 284 2650 sig.
298 2567 358 2626 10.
398 2561 546 2644 dictum
571 2573 723 2642 Boram
738 2557 1075 2742 progerminnnst
1110 2569 1253 2658 Agnus
1276 2559 1345 2638 ille
1368 2561 1507 2662 succo,
1542 2562 1746 2661 sanguinis

222 2650 382 2747 zooplyti
396 2666 518 2746 instar
534 2668 722 2766 rubente,
798 2679 964 2742 externo
988 2662 1140 2742 vellere
1156 2661 1383 2765 instruslus,
1407 2659 1457 2750 ed,
1473 2663 1655 2746 fruticem
1673 2663 1739 2744 nd-

219 2755 386 2829 ssmm*
397 2767 554 2850 stristus
571 2767 627 2848 est
649 2767 691 2846 in
709 2761 925 2864 umbilico,
944 2763 982 2842 dt
998 2787 1234 2868 quocunque
1254 2782 1370 2866 caput
1390 2765 1582 2869 verterit,
1598 2765 1747 2868 sertur,

398 2867 448 2950 ad
471 2871 627 2971 longam
654 2866 871 2949 distantiam
897 2889 1038 2967 agrum
1065 2863 1286 2961 exsiccaret
1330 2865 1432 2947 sorte
1459 2867 1553 2970 quia
1587 2867 1745 2952 stultus

397 2971 449 3054 td
469 2973 772 3150 niolopeponum
799 2982 976 3051 naturam
1004 2968 1226 3072 accedens,
1249 2970 1434 3050 humores
1458 2969 1502 3049 in
1522 2969 1562 3050 se
1593 2971 1741 3072 largius

397 3087 491 3156 ἅπτε
519 3087 559 3151 tt
895 3127 906 3142 x

496 3179 527 3278 l.
553 3199 641 3278 340.
699 3171 901 3254 Postremo
926 3167 1083 3248 demum
1111 3169 1178 3258 illa
1203 3171 1427 3276 sympatbiae
1449 3173 1487 3252 dr
1505 3173 1734 3275 antipathiae

394 3275 455 3360 vis
480 3271 815 3358 commemoranda
832 3271 911 3371 est,
936 3293 1011 3374 qua
1029 3271 1184 3351 humani
1205 3272 1317 3353 etiam
1341 3273 1458 3355 animi
1486 3292 1741 3378 exercentur,

395 3395 535 3462 utnon
549 3405 639 3460 raro
657 3373 842 3483 quosdam
860 3369 990 3451 nativa
1003 3375 1113 3454 velut
1128 3373 1387 3476 propensione
1403 3401 1596 3478 amemus3
1624 3405 1741 3482 quon

397 3479 484 3582 dam
500 3509 599 3562 vero
613 3479 701 3578 vix,
716 3500 762 3554 ac
778 3501 829 3554 ne
843 3473 910 3552 vix
926 3471 1086 3580 quidem
1105 3477 1356 3559 sustineamus
1372 3478 1425 3556 in'
1439 3479 1623 3562 familiari
1645 3507 1741 3566 con-

395 3581 603 3667 suetudine
621 3608 634 3682 3
658 3578 714 3659 uti
734 3585 888 3656 Martiale
906 3581 995 3661 Lib.
1011 3583 1042 3658 I.
1062 3596 1248 3686 epigramm.
1265 3578 1447 3680 exprimit
1466 3611 1479 3659 ε

619 3693 691 3763 non
718 3711 788 3757 anto
815 3705 844 3758 tt
868 3683 1006 3759 Sabidi!
1041 3715 1095 3762 rut
1114 3681 1231 3788 poffirm
1256 3686 1357 3760 dtcm
1380 3713 1501 3789 qum,

697 3793 763 3862 Hoc
776 3785 878 3887 silum
903 3787 1012 3882 poffirm
1030 3787 1158 3860 dicere:
1182 3814 1243 3857 non
1259 3814 1331 3858 amo
1349 3809 1390 3864 tr.

499 3891 629 3990 Quam
650 3881 811 3988 quidem
845 3883 913 3968 etsi
945 3889 1062 3964 Poeta
1093 3885 1132 3960 se
1157 3885 1341 3983 ignorare
1377 3889 1575 3990 fateatur,
1608 3898 1739 3966 tamen

398 3983 552 4084 semper
572 3987 639 4064 vel
665 3987 818 4165 plrpsrca
836 3991 900 4067 vel
928 3983 1084 4066 moralis
1108 3983 1227 4084 hujus
1250 3987 1456 4090 amicitiae,
1481 4003 1545 4070 rut
1569 3989 1738 4068 eversto-

396 4083 458 4162 nis
479 4085 588 4164 causa
612 4087 710 4164 sube
735 4115 759 4166 e
784 4083 1116 4189 deprehenditur3
1145 4087 1182 4168 dr
1208 4087 1410 4190 praecipue
1430 4115 1585 4174 morum
1605 4089 1736 4170 simili·
1783 4081 1789 4096 ’

395 4182 515 4288 tudo,
542 4188 605 4266 vel
633 4185 900 4273 dissimilitudo
931 4187 1157 4294 sympathiae
1183 4191 1304 4295 hujus
1328 4193 1397 4276 vel
1421 4193 1647 4298 antipathiae
1674 4194 1732 4276 eti

1599 4319 1679 4376 roa·
