3900 4956
354 475 628 558 Drssmrnrro
645 467 699 547 11.
728 463 795 546 Du
811 467 1053 546 Consoncoo
1078 469 1195 546 Hnr.
1213 471 1333 554 Puro.
1461 495 1518 578 19

228 663 345 764 Moyses
364 653 480 738 sacris
498 647 831 765 librispraefixit,
858 649 1161 754 neque'materiae‚
1184 676 1235 736 ne
1265 679 1318 735 ue
1336 655 1451 756 ipsrus
1466 669 1574 752 muni,

226 769 262 840 dr·
287 757 436 841 creatio
461 753 623 832 decerni
652 770 797 854 queat:
828 765 909 830 tum
935 753 1043 854 quod
1070 773 1200 834 textus
1223 682 1321 836 iiie:
1348 768 1385 834 ln
1403 775 1511 867 princi
1532 775 1564 837 ἑο

228 876 347 941 creauit
374 871 457 938 Dens
479 863 590 935 calum
613 855 654 931 θ’
678 879 1055 946 cenomannicorum
1075 880 1141 932 arat
1169 869 1272 940 inanis
1293 867 1335 936 ts
1362 890 1467 938 uacua
1510 888 1565 942 ἐ.

226 965 338 1064 juxta
362 955 534 1038 hebraici
550 951 743 1036 idiomatis
764 956 1042 1055 proprietatem
1061 955 1113 1035 sic
1138 971 1225 1057 apte
1246 960 1434 1060 explicari
1456 963 1565 1064 polle

75 1071 78 1078 ’
226 1063 440 1144 videatur:
474 1069 515 1136 Ut
526 1071 663 1162 primum
680 1069 799 1135 creauit
816 1065 1019 1134 Dtusraelum
1039 1061 1082 1135 is
1098 1083 1237 1156 tarram3
1271 1084 1356 1138 terro
1374 1087 1442 1142 crat
1458 1063 1567 1143 inani·

227 1191 278 1246 tas
293 1164 484 1280 &solitudo
517 1163 540 1210 ¹⁵
568 1256 576 1272 ι
595 1159 743 1263 Sicque
759 1155 814 1238 ,ex
832 1157 952 1260 ipsius
970 1165 1080 1272 Moysts
1095 1171 1228 1240 mente
1239 1173 1461 1343 primffmim
1475 1169 1566 1248 chaos

228 1281 470 1349 creationem
490 1259 579 1340 cael1
604 1261 640 1340 δι
669 1277 796 1340 terrae
821 1259 1063 1338 antecesserit
1085 1291 1096 1340 r
1121 1275 1207 1338 tum
1235 1271 1316 1364 quo
1371 1263 1566 1346 Divinum

227 1366 326 1448 illud
342 1362 510 1444 infinitae
531 1359 689 1440 virtutis
709 1357 912 1460 opificium
941 1359 988 1438 ad
1007 1359 1209 1464 vulgarem
1227 1365 1526 1466 perceptionem
1545 1393 1568 1446 a

226 1476 332 1568 Moyse
348 1465 393 1546 srt
410 1464 745 1544 accommodatum
762 1520 776 1564 ,
796 1476 849 1541 ¹ut
866 1461 1054 1540 existimat
1078 1472 1154 1562 Mn
1167 1493 1197 1540 es
1215 1469 1435 1544 Marmonr'dcs.
1491 1475 1568 1550 At·

229 1593 310 1670 que
328 1571 380 1646 ita
401 1569 557 1665 elucet,
578 1566 683 1665 apud
707 1580 863 1668 gentem
888 1564 989 1642 illam
1017 1587 1109 1641 cum
1137 1563 1398 1664 Philosophiae
1419 1571 1569 1652 veteris

226 1667 484 1773 simplicitate,
496 1665 713 1768 Religionis
730 1689 894 1773 quoque
906 1663 1192 1744 sanctimoniam
1209 1664 1461 1750 intercidisse.

328 1773 420 1849 XII.
447 1767 731 1848 Recentiffimis
760 1791 881 1868 porro
900 1763 1041 1844 nostris
1069 1765 1310 1866 temporibus
1337 1793 1419 1848 eam
1445 1775 1567 1873 ahyfiu

227 1875 366 1973 Mofin'ra
382 1868 491 1949 natta
508 1868 562 1945 est
580 1871 777 1950 fortunam
800 1923 816 1969 ‚
841 1881 887 1945 ut
906 1891 1042 1946 omnes
1067 1893 1193 1967 prope
1215 1866 1436 1973 Philosophi
1455 1873 1567 1952 Chri.

228 1971 339 2052 stiani
355 1971 487 2048 conati
506 1967 577 2046 slnt
598 1970 789 2074 principia
806 1968 871 2046 sua
887 1967 1075 2072 physica,
1100 1983 1189 2048 utut
1207 1965 1488 2062 discordantia,
1515 1998 1566 2054 ex

228 2073 411 2155 Mosaicis
426 2069 597 2151 textibus
615 2097 774 2172 eruere,
795 2085 860 2149 aut
877 2071 1004 2150 saltem
1023 2071 1195 2172 impense
1211 2070 1450 2154 cumiisdem
1469 2098 1566 2154 con·

230 2174 378 2254 ciliare.
433 2177 598 2272 cartolam·
623 2189 736 2253 certo
752 2195 832 2252 non
856 2171 972 2270 pauci
995 2174 1035 2250 in
1060 2173 1189 2271 caelo,
1216 2172 1327 2273 quod
1352 2179 1469 2282 Mopso
1484 2175 1567 2276 pri-

230 2300 296 2353 mo
315 2272 380 2354 die
398 2277 533 2354 Deum
559 2273 700 2354 creall'e
724 2274 846 2374 dicit,
873 2271 1064 2353 viderunt
1078 2270 1296 2353 secundum
1324 2277 1567 2356 elementum

227 2376 509 2458 Cartesranum.
560 2385 727 2455 Commius
757 2374 833 2455 tria
855 2373 901 2453 ad
927 2392 1099 2454 mentem
1120 2373 1264 2479 Moysis
1288 2379 1568 2459 constituitre·
1604 2447 1606 2454 ,

230 2501 320 2556 rum
344 2473 567 2578 principia:
595 2487 767 2556 Materiam
794 2499 937 2578 nempe
964 2477 1030 2556 seu
1059 2483 1339 2585 chironomunta
1355 2483 1466 2561 mundi
1489 2540 1500 2572 ,
1527 2479 1568 2562 &

226 2587 356 2656 Larem.
412 2579 604 2657 Obscuras
630 2581 732 2660 enim
757 2579 945 2660 Mosaicas
971 2604 1095 2659 voces
1121 2601 1205 2658 non
1230 2577 1298 2656 nili
1316 2579 1569 2664 divinationi·

227 2681 303 2760 bus
322 2677 509 2758 illustrare
530 2694 762 2778 potuerunt.
815 2681 1002 2761 Omnium
1024 2697 1151 2760 tamen
1168 2677 1305 2759 infimo
1324 2682 1416 2763 loco
1433 2680 1566 2762 haberi

226 2781 350 2861 debet
367 2781 463 2860 illud
476 2781 755 2882 Philophorum
774 2806 900 2881 genus
923 2839 940 2885 7
964 2781 1056 2861 dieti
1079 2785 1241 2888 sbeosopbi
1259 2779 1326 2858 seu
1356 2785 1488 2882 potius
1506 2799 1566 2862 En·

228 2887 383 2983 chastaslae,
403 2885 472 2984 qui
491 2882 753 2963 narrationem
774 2881 1041 2982 Cosmopoeiae
1061 2881 1566 2968 Mosaicaevinonariissuio

229 2983 647 3084 interpretationibus,
671 3009 750 3086 qua
766 2984 841 3092 late
859 2995 979 3082 patet,
996 2979 1250 3084 infecerunt,
1272 2983 1461 3084 adjunttis
1477 2989 1567 3067 cab·

227 3083 407 3166 balisticis
423 3087 691 3165 Rabbinorum
711 3085 885 3182 somniis,
914 3082 1039 3162 veluti
1059 3089 1152 3160 tuus
1172 3091 1429 3177 Mirandulanan
1448 3091 1565 3168 Roler.

228 3211 280 3263 aas
296 3195 334 3261 de
352 3187 525 3282 Hudibus,
548 3194 667 3267 Paulus
695 3195 825 3282 Riccus,
849 3185 948 3286 Jacob
972 3186 1071 3262 urbm
1095 3182 1204 3278 sutor
1226 3186 1416 3266 fanaticus
1437 3190 1566 3270 Gdrli·

231 3286 353 3368 censos
370 3289 445 3365 &c
475 3311 523 3366 eo
541 3289 688 3392 quippe
710 3285 748 3364 hi
764 3285 1036 3385 processerunt
1062 3287 1274 3390 amentiae,
1290 3305 1336 3368 ut
1355 3289 1395 3368 in
1415 3289 1566 3394 scriptis

231 3387 408 3469 Mosaicis
426 3387 477 3465 de
493 3414 627 3466 rerum
654 3407 798 3467 exortu
818 3389 856 3468 vi
886 3389 1020 3467 ilantcs
1043 3385 1179 3464 deliria
1198 3389 1501 3492 somniaverint,
1527 3395 1565 3474 dc

228 3484 364 3570 nescio
391 3487 533 3588 quibus
557 3489 816 3570 enrhufiasmis
855 3417 1059 3590 Ipecialem
1091 3487 1160 3566 libi
1190 3490 1402 3572 tribuerint
1429 3517 1568 3572 arcana

231 3589 516 3685 interpretandi
537 3591 772 3670 sacultatem.
827 3593 894 3674 De
920 3613 1090 3694 quorum
1119 3589 1278 3692 ineptiis
1294 3595 1414 3694 'plura
1430 3593 1568 3673 dicere

232 3715 310 3773 nec
326 3704 454 3787 vacat,
476 3713 551 3766 nec
570 3689 675 3771 libet.
1228 3727 1230 3733 ⁴

347 3795 460 3870 XIII.
486 3791 554 3868 De
569 3799 791 3881 Chaldaeorum,
804 3795 975 3896 Pafum,
995 3795 1166 3870 Pboena‘cum
1185 3799 1457 3902 AEgyptiorumqnc
1467 3797 1564 3906 Phy-
1577 3823 1728 3900 Chald&

232 3891 392 3993 srologia
419 3891 554 3970 dicere
576 3893 615 3970 id
649 3893 886 3994 potissimum
911 3897 1047 3972 attinet
1075 3921 1084 3969 :
1123 3897 1341 3976 convenire
1369 3901 1472 3979 inter
1496 3923 1564 3982 eos
1581 3923 1737 4006 rums,

233 3996 509 4096 plerumque,
546 3993 654 4096 quod
682 3995 896 4094 spetiabilis
922 3993 1192 4095 hujusmundi
1216 4001 1398 4078 exortum
1422 4003 1477 4083 dnn
1495 4033 1568 4084 con-

850 4103 883 4180 0
908 4121 931 4181 2
1442 4105 1518 4204 sun

226 4219 334 4310 nnn,
352 4224 484 4312 metu
509 4224 625 4312 rnen
649 4221 731 4300 han
756 4227 918 4302 utnon
949 4225 1006 4296 nt<
1032 4193 1185 4300 aarum
1201 4227 1469 4402 nnpprazpffi
1497 4209 1522 4256 *

1305 4367 1316 4400 t
1408 4360 1417 4400 l
