3782 4958
8 1035 9 1038 ‘
146 1031 238 1110 res3
266 1011 519 1090 huietabulae
539 1013 671 1092 rursus
692 1013 893 1093 incidatur
910 1014 1109 1112 foramen,
1137 1035 1209 1114 per
1235 1013 1340 1118 quod
1366 1014 1494 1092 radius
1507 1041 1571 1138 rag,
1590 1052 1612 1120 4

372 509 661 596 Paarrcrro
688 515 734 599 Χ.
768 509 840 636 Da
869 512 1157 602 Coronrnus.
1372 545 1447 622 421

148 698 188 779 hi
211 698 395 783 dicuntur
413 701 691 804 heterogenei,
718 701 777 781 illi
803 701 1055 805 homogenei.
1104 691 1257 783 Incidat
1287 696 1420 786 radius
1440 707 1496 786 so-

151 807 199 883 lis
225 827 298 904 per
322 804 502 884 foramen
530 810 565 884 E
592 805 633 884 in
655 807 844 888 conclave
869 806 1101 906 obscurum,
1138 821 1253 912 atque
1281 809 1495 908 excipiatur

148 907 332 1012 prismate
350 913 491 1010 ΜΝΟ,
518 905 783 1012 depingentur
802 911 843 988 in
863 910 993 990 tabula
1013 913 1098 991 alba
1118 913 1188 994 AB
1208 911 1368 1010 separati
1386 913 1494 990 colo·
1509 928 1666 1007 mm

8 1115 10 1118 ’
149 1113 189 1191 in
210 1113 305 1192 subs
306 1113 604 1218 equensprisma
620 1119 716 1196 GHI
734 1129 918 1198 excurrat
935 1139 946 1208 t
975 1119 1039 1218 ita,
1058 1131 1101 1199 ut
1115 1112 1375 1194 conversione
1400 1116 1495 1213 pris-

148 1215 259 1294 matis
275 1220 394 1296 MNO
423 1223 557 1295 omnes
578 1218 790 1300 successive
813 1223 967 1300 colores
993 1245 1066 1324 per
1101 1217 1277 1298 [oramen
1307 1219 1495 1319 Ctrajici

147 1321 312 1422 pollmt,
339 1315 657 1420 deprehendetur
680 1320 721 1399 in
744 1322 980 1405 refrailione
1004 1347 1075 1426 per
1105 1319 1319 1400 secundum
1351 1319 1494 1423 primia

149 1426 247 1504 GHI
264 1446 346 1501 non
364 1434 515 1500 tantum
541 1425 791 1520 perseverare
809 1423 983 1510 eundem
999 1429 1171 1508 colorem
1189 1424 1296 1504 inter
1317 1425 1352 1506 X
1386 1423 1422 1502 &
1443 1424 1496 1525 Z,

146 1523 347 1604 sedetiam
374 1523 751 1624 reirangibilitatem.

250 1630 280 1730 l.
298 1634 386 1728 4⁶8·
412 1631 503 1708 Pars
520 1629 664 1710 chartae
680 1635 776 1729 ΑΒ,
803 1629 949 1730 duplici
975 1629 1072 1711 vivo
1096 1627 1236 1710 colore
1263 1625 1462 1708 imbuatur
1480 1653 1492 1726 3
1507 1655 1544 1730 p:
1555 1649 1671 1726 ‚xmp

149 1734 190 1811 A
212 1729 377 1832 quidem
400 1729 548 1831 rubro,
573 1737 604 1810 Β
632 1753 731 1811 vero
753 1735 932 1814 caeruleo
953 1735 1089 1814 colore
1108 1757 1120 1830 ς
1163 1729 1190 1807 sr
1214 1730 1356 1831 prisma
1383 1734 1417 1809 ll
1443 1729 1495 1808 ita
1508 1760 1571 1860 Q,
1591 1773 1624 1848 ς,

149 1847 344 1933 vertatur,
369 1846 413 1912 ut
431 1830 616 1914 testritio
633 1835 772 1916 versus
791 1836 1034 1936 superiorem
1056 1849 1201 1937 partem
1219 1833 1312 1912 lieri
1340 1829 1495 1933 debeat,

147 1935 301 2014 videbit
316 1935 455 2015 oculus
472 1940 507 2016 E
523 1931 722 2036 duplicem
742 1936 847 2017 hunc
866 1940 1011 2017 chartae
1026 1941 1201 2020 colorem
1219 1937 1258 2019 in
1282 1941 1333 2036 Η,
1372 1935 1423 2014 ita
1441 1949 1494 2012 ta·

150 2061 265 2140 men,
291 2049 339 2116 ut
369 2038 481 2116 color
507 2039 703 2120 caeruleus
727 2044 789 2141 Β,
816 2059 994 2145 tanquam
1022 2042 1108 2138 plus
1132 2035 1353 2153 resrailus7
1380 2035 1496 2115 altior

151 2153 343 2245 appareat,
360 2163 472 2242 quam
493 2141 603 2220 color
620 2157 742 2220 ruber
761 2153 798 2224 A
814 2167 826 2234 t
874 2142 994 2251 Quod
1012 2141 1039 2220 sr
1061 2167 1161 2225 vero
1179 2139 1319 2240 prisma
1336 2154 1387 2218 lta
1400 2161 1495 2216 con-

146 2247 346 2341 stituatur,
371 2255 416 2324 ut
433 2241 616 2322 resrattio
634 2240 817 2327 deorsum
835 2242 975 2326 deoeat
999 2245 1197 2342 tendere,
1223 2241 1377 2322 videbit
1403 2263 1496 2320 ocu·

149 2349 210 2427 lus
230 2351 264 2428 C
281 2359 489 2446 utrumque
505 2345 681 2425 colorem
705 2347 815 2442 inL,
843 2351 1058 2432 caeruleum
1081 2363 1213 2432 tamen
1247 2345 1381 2426 rursus
1404 2366 1498 2444 pro«

149 2449 376 2532 sundiorem
395 2451 532 2528 colore
550 2449 685 2530 rubro.
737 2451 860 2532 Porro
879 2455 947 2556 qui
976 2449 1077 2532 radii
1101 2443 1236 2552 majori
1260 2443 1494 2546 refrangibi⁴

141 2555 260 2633 'litate
279 2548 496 2652 donantur,
522 2550 551 2628 ii
576 2552 691 2630 etiam
719 2551 809 2634 sunt
834 2557 955 2656 magis
981 2555 1230 2638 reflexibiles.
1284 2550 1340 2630 Sit
1358 2551 1496 2650 prisma
1515 2565 1671 2647 mm,

152 2656 326 2738 vitreum
341 2654 543 2755 trigonum
566 2658 696 2757 ABG,
724 2657 837 2755 cujus
864 2663 1077 2759 angulusB
1107 2657 1235 2739 rettus
1263 2653 1338 2752 fit,
1364 2650 1495 2752 anguli
1511 2679 1573 2780 arg.
1589 2671 1628 2749 6.

152 2775 280 2840 autem
300 2765 338 2838 Α
356 2757 393 2834 δι
410 2760 444 2837 C
464 2785 510 2858 45
532 2759 637 2856 grad.
654 2783 667 2860 3
696 2757 831 2838 radius
850 2764 893 2842 D
913 2760 1095 2842 incidens
1112 2771 1151 2843 A
1170 2759 1247 2836 basr
1264 2761 1298 2837 E
1315 2755 1494 2833 reuelle-

154 2879 220 2944 tur
237 2881 281 2938 ea
298 2859 477 2955 ratione,
503 2875 545 2938 ut
560 2881 650 2940 cum
672 2859 736 2939 alii
754 2855 976 2944 adhucdum
992 2864 1092 2943 radii
1117 2857 1274 2940 renam
1295 2855 1335 2934 in
1353 2859 1388 2935 G
1406 2857 1442 2934 &
1461 2857 1501 2936 K

156 2975 427 3062 compareant‚
453 2961 565 3041 color
591 2963 787 3042 caeruleus
811 2965 887 3062 jam
913 2965 955 3044 in
984 2970 1021 3050 X
1046 2965 1197 3046 refletti
1227 2959 1498 3060 conspiciatur.

156 3063 279 3176 Quod
303 3065 330 3143 sr
350 3064 492 3166 prisma
510 3067 614 3143 circa
633 3065 739 3145 suurn
758 3065 858 3146 axim
876 3067 1089 3150 secundum
1107 3065 1288 3150 ordinem
1305 3063 1499 3142 literalem

157 3175 226 3251 BC
247 3173 316 3248 AB
343 3181 632 3264 eonvertatur,
658 3163 962 3253 videbuntur&
991 3173 1056 3252 alii
1083 3173 1234 3254 colores
1262 3167 1348 3269 post
1374 3191 1498 3247 caeru·
1592 3213 1596 3226 =

156 3274 264 3456 letan
283 3269 491 3350 successive
509 3269 682 3372 reuerti,
709 3271 841 3352 donec
857 3273 1016 3362 tandem
1034 3279 1155 3358 ruber
1170 3271 1308 3354 ultimo
1326 3272 1415 3351 loco
1437 3292 1499 3350 re-

152 3378 206 3456 fle
247 3389 343 3454 atur.

262 3481 292 3578 i.
319 3489 402 3578 469.
429 3479 489 3557 Ex
507 3481 577 3556 hac
593 3475 716 3577 igitur
742 3479 848 3557 varia
878 3479 976 3560 lucis
1003 3479 1353 3582 refrangibilitate‚
1379 3477 1501 3554 &im-
1539 3489 1650 3561 omnir

150 3579 337 3661 mutabili
358 3579 685 3681 consequentium
699 3581 875 3663 colorum
898 3583 1141 3684 apparitione
1159 3581 1316 3682 conjicit
1335 3591 1500 3678 laurona,
1508 3591 1671 3666 luxcontl·

160 3684 291 3778 radios
307 3697 382 3759 tam
405 3681 625 3803 solisquam
653 3681 812 3761 alterius
833 3688 1025 3790 'cujusque
1053 3687 1151 3770 lucis
1183 3686 1326 3784 septem
1358 3677 1560 3782 prima-m
1582 3715 1601 3778 7
1621 3715 1672 3770 coa

163 3787 242 3868 rios
259 3783 414 3864 colores
430 3797 660 3887 continere,
687 3811 831 3890 nempe
847 3791 1002 3884 rubrum,
1020 3803 1224 3888 aurianum,
1246 3793 1395 3886 flavum,
1417 3796 1605 3890 anri-tom⁸

162 3895 245 3987 dem,
263 3895 436 3988 caeruleum,
452 3919 652 3994 purpureum,
666 3893 854 3984 violaceum,
872 3917 1039 3995 quorum
1057 3887 1335 3968 commixtione
1353 3883 1502 3988 produ·

163 4007 312 4072 cuntur
330 3991 483 4073 colores
502 3991 566 4072 alii
591 3992 792 4071 innumeri
819 3989 1069 4088 intermedii„
1095 3993 1245 4094 hosque
1271 3992 1369 4071 lucis
1396 3991 1501 4070 colo‘

162 4119 325 4176 resnou
343 4093 433 4172 lieri
454 4095 615 4199 proprie
631 4119 703 4197 per
722 4093 1020 4194 resrauionem,
1047 4095 1113 4173 sed
1138 4111 1285 4180 tantum
1309 4091 1500 4174 discrimi-
1566 4130 1569 4139 ·

163 4198 281 4295 naria
307 4197 521 4294 praesertim
538 4221 627 4277 cum
650 4198 927 4298 experimentis
948 4199 1225 4284 confirmatum
1255 4201 1322 4298 srt‚
1349 4197 1501 4278 colores

167 4301 264 4385 lucis
280 4321 350 4400 per
374 4302 517 4402 prisma
533 4297 725 4488 primumG
727 4303 773 4379 ab
790 4303 962 4386 invicem
982 4301 1191 4410 discretos,
1215 4321 1298 4388 tum
1315 4325 1413 4482 velro
1431 4321 1503 4398 per

749 4427 817 4508 88
847 4431 865 4508 3
1382 4425 1452 4484 en·
