3792 4958
251 451 1317 578 rxa'racrroxv.DaFao1ooxumAEoa1riaa.
1361 499 1437 581 193
1581 465 1583 470 ⁵

3 651 4 668 Ν
145 686 224 744 non
245 661 364 742 debet
383 659 457 740 elle
481 661 651 760 elevata3
677 675 886 762 propterea
905 655 1010 764 quod
1031 661 1213 740 columna
1235 663 1522 766 atlrmosphae-·

145 792 206 848 rae
224 789 410 868 premens
428 764 530 846 ultra
559 791 606 863 32
634 763 761 865 pedes¹
779 789 915 866 aquam
944 761 1050 840 inter
1077 765 1191 846 tubos
1214 789 1299 842 non
1328 769 1481 846 attollat
1517 759 1525 771 '⁸

143 872 204 970 (l.
227 872 330 968 182).
406 879 492 964 Jam
511 865 717 946 attrahatur
740 865 918 944 embolus
939 870 972 944 F
994 888 1042 942 ex
1062 869 1083 946 1
1108 867 1150 946 in
1170 873 1234 966 H,
1264 875 1331 946 aer
1360 871 1492 951 nullus

3 1061 4 1074 Ν
144 973 196 1050 ob
229 968 400 1050 exastam
432 967 579 1048 emboli
606 988 695 1050 cum
721 967 816 1047 tubo
845 965 1113 1048 cohaesionem
1136 971 1292 1049 innare
1310 971 1488 1074 poterit3

3 1089 4 1170 ξ
171 1069 239 1152 uid
256 1073 369 1150 tu'ml
396 1095 562 1150 vacuum
590 1069 638 1146 ali
668 1068 747 1152 uod
772 1069 814 1146 in
845 1069 867 1146 s
888 1067 964 1149 atio
991 1073 1067 1150 DF
1093 1069 1233 1148 interci
1263 1070 1399 1172 ietur,
1426 1091 1492 1156 aut

144 1104 279 1252 ialtem
302 1182 370 1252 aer
385 1171 485 1250 inibi
504 1101 713 1254 concutias
733 1167 831 1250 adeo
856 1098 1100 1273 dilatabitur,
1132 1185 1173 1252 ut
1193 1098 1491 1274 atimosphaerae

147 1273 357 1356 exterioris
378 1273 458 1354 vim
475 1291 720 1373 prementem
745 1297 827 1352 non
852 1273 1064 1372 sustinenti
1092 1275 1185 1354 hinc
1203 1293 1371 1374 urgente
1395 1303 1493 1382 aqua

143 1375 361 1478 inferiore,
387 1377 433 1454 ab
452 1393 615 1456 externo
645 1386 738 1468 aje're
754 1373 924 1456 validius
946 1371 1091 1478 pressa,
1120 1376 1317 1478 aperietur
1333 1379 1490 1458 valvula

145 1484 200 1580 E,
219 1500 294 1592 per
313 1504 427 1658 auam
446 1490 594 1558 tantum
612 1503 724 1582 aquae
742 1475 927 1579 intrabit,
939 1495 1131 1656 Iquantum
1149 1476 1196 1556 ad
1218 1479 1491 1582 aequilibrium

3 1651 4 1664 l
144 1583 294 1660 interm
370 1579 522 1658 externi
542 1580 642 1658 aeris
660 1578 919 1682 reparandum
957 1581 1117 1661 officiet.
1170 1579 1345 1664 Demillo
1359 1582 1493 1664 rursus

146 1681 308 1762 embolo
334 1704 382 1758 ex
406 1688 444 1760 H
460 1681 502 1760 in
524 1685 565 1780 I,
591 1709 688 1796 aqua
707 1685 758 1762 ob
783 1681 973 1762 reclusam
999 1680 1246 1764 valvulamE
1269 1684 1404 1763 etubo
1428 1707 1494 1762 ex-

149 1783 288 1862 cidere
309 1808 392 1860 non
418 1783 564 1882 poterit
582 1808 594 1878 3
622 1780 792 1887 adeoque
816 1784 1013 1883 aperietur
1030 1783 1186 1864 valvula
1204 1786 1245 1864 in
1266 1785 1426 1866 embolo
1444 1789 1492 1885 F,

3 1889 5 1932 ³
148 1889 186 1968 a
209 1893 366 1982 aerem,
387 1883 415 1961 fi
435 1886 520 1989 quis
539 1880 758 1964 adhucdum
779 1885 819 1962 in
837 1887 931 1964 tubo
951 1887 1013 1964 DI
1034 1885 1241 1988 attinetur,
1257 1886 1489 2002 exspirabit3

3 2065 4 2094 ι
152 1989 326 2066 elevatus
343 1985 475 2066 rursus
496 1988 675 2066 embolus
694 2008 742 2064 ex
758 1990 777 2064 Ι
795 1986 835 2065 in
853 1995 889 2066 H
907 1989 1092 2088 majorem
1114 2011 1227 2092 aquae
1247 2009 1399 2088 coptam
1420 2011 1495 2087 per

3 2151 7 2163 .
148 2088 343 2170 valvulam
367 2092 401 2167 E
430 2088 598 2190 alliciet,
624 2111 715 2191 quae
739 2087 894 2168 tandem
923 2088 963 2166 in
983 2089 1127 2168 iteratis
1147 2090 1294 2168 emboli
1322 2090 1494 2189 agitatio·

149 2191 264 2273 nibus
283 2189 500 2290 valvulam,
536 2190 579 2268 in
597 2189 755 2272 embolo
773 2198 806 2272 F
827 2191 1079 2294 existentem,
1104 2191 1254 2292 aperiet
1270 2217 1282 2293 3
1310 2207 1423 2295 atque
1442 2190 1495 2270 al-

3 2348 11 2364 .
149 2294 227 2376 tius
260 2285 357 2368 inde
394 2291 584 2392 provesta
613 2313 685 2390 per
706 2296 841 2376 tubum
869 2298 914 2373 M
955 2319 1030 2396 pro
1057 2294 1247 2376 utentium
1281 2290 1497 2373 commodo

154 2405 340 2492 erumpas

264 2497 294 2597 p
325 2502 416 2576 216.
485 2497 654 2578 Valvula
682 2495 897 2580 conficitur
918 2497 1048 2600 passim
1076 2497 1286 2599 excorio,
1311 2495 1416 2575 inter
1443 2494 1494 2574 la·

161 2597 298 2682 mellas
313 2594 460 2676 ferreas
478 2598 695 2698 concluso,
722 2623 852 2706 neque
873 2601 997 2684 ullum
1027 2599 1145 2680 debet
1169 2624 1282 2705 aquae
1310 2593 1491 2676 deorsum

153 2696 352 2806 prementi
369 2695 569 2780 transitum
595 2698 818 2804 indulgere.
888 2701 1114 2782 Consimilis
1131 2699 1310 2802 valvula,
1330 2697 1491 2780 embolo
1506 2677 1581 2804 Tfi-
1609 2683 1667 2763 W·

4 2819 5 2826 ’
152 2803 340 2907 applicata
364 2799 472 2902 fig.9
493 2801 709 2886 exhibetur.
1503 2786 1621 2906 Ἣ

255 2907 285 3006 t.
311 2930 396 2995 aaa.
449 2904 566 3012 Quod
594 2904 736 3008 sraqua
758 2900 800 2980 in
819 2925 995 3003 magnam
1023 2899 1269 2982 altitudinem
1293 2897 1495 2978 beneficio

153 3003 291 3088 antliae
318 3001 519 3103 aspirantis
543 3005 588 3083 m
605 3001 837 3100 evehenda,
864 3031 900 3084 v.
921 3029 958 3104 g.
985 3003 1027 3084 in
1047 3003 1187 3085 turrim
1216 3001 1404 3117 aliquam,
1432 3013 1499 3082 aut

153 3122 351 3206 montem,
377 3118 419 3185 ut
436 3103 583 3186 deinde
600 3107 642 3186 in
662 3106 873 3190 remotiora
895 3107 1001 3206 loca,
1018 3120 1082 3186 aut
1100 3129 1212 3284 assuas
1230 3103 1410 3185 salrentes
1433 3101 1500 3187 de-

155 3210 327 3302 rivetur,
353 3202 503 3302 possunt
520 3209 651 3309 plores
670 3207 827 3306 antliae,
853 3209 974 3288 altera
991 3209 1101 3310 supra
1119 3235 1139 3288 a
1156 3221 1277 3287 teram
1295 3203 1500 3308 collocari,

156 3337 249 3418 quae
282 3303 426 3387 deinde
452 3311 542 3394 loco
568 3313 756 3394 manualis
781 3309 1038 3427 operationis,
1064 3325 1147 3390 rota
1179 3307 1399 3390 molendini
1427 3308 1497 3386 im-

159 3415 365 3516 pellantur.
422 3413 673 3511 Ejuscemodi
697 3415 910 3494 machmam
935 3415 988 3495 D.
1013 3419 1128 3492 Saulon
1153 3416 1202 3490 Λ.
1230 3429 1326 3524 ¹73²·
1353 3409 1495 3507 Regiae
1510 3395 1584 3472 Μ·
1606 3403 1666 3496 VJ·

155 3510 394 3596 Academiae
412 3515 614 3595 Parisrensr
633 3515 803 3596 obtulit:
845 3517 945 3594 Rota
960 3517 1003 3593 M
1030 3541 1052 3592 a
1077 3525 1253 3594 torrente
1280 3501 1569 3609 impelliturli'g·
1582 3523 1640 3582 ιο.

157 3615 380 3698 direttione
397 3621 467 3696 MS
486 3644 498 3719 3
527 3619 570 3698 in
590 3641 661 3696 axe
682 3632 784 3698 rotae
809 3616 895 3696 sunt
913 3645 932 3716 5
961 3615 1067 3716 ligna
1087 3638 1277 3708 recurva,
1305 3611 1375 3694 seu
1392 3609 1496 3691 ansae

155 3719 296 3800 infixae
323 3717 409 3818 LL,
435 3743 525 3822 quae
550 3721 602 3798 ita
625 3717 818 3800 ordinatae
841 3718 957 3816 sunt,
986 3734 1032 3798 ut
1053 3718 1144 3794 aliae
1167 3713 1319 3794 vetlem
1336 3716 1380 3812 I,
1407 3713 1497 3790 aliae
1536 3724 1546 3752 ¹

156 3823 311 3902 vetlem
333 3820 369 3898 K
387 3839 659 3902 commoveant
680 3853 689 3900 r
739 3824 875 3922 Itaque
899 3817 989 3898 dum
1011 3817 1115 3896 ansae
1134 3815 1175 3900 in
1195 3812 1348 3896 vestem
1368 3817 1388 3894 I
1407 3815 1499 3896 &K

157 3925 388 4026 incurrunt,
415 3921 487 4015 sit,
513 3937 556 4006 ut
575 3922 708 4003 vestes
733 3922 791 4002 illi
814 3921 1125 4021 supprimantur,
1149 3933 1232 3998 tum
1260 3919 1312 3998 ob
1330 3935 1499 3996 annexas

159 4043 314 4106 catenas
339 4025 375 4100 G
399 4025 437 4106 a
461 4031 513 4124 H,
542 4025 814 4105 libramentum
850 4026 944 4104 A&
974 4028 1005 4101 B
1033 4033 1288 4116 commotum,
1321 4020 1500 4100 embolos
1547 4032 1560 4056 ⁶

158 4151 313 4235 quoque
335 4122 497 4206 intubis
519 4127 724 4208 antliamm
744 4123 918 4229 attollat,
944 4139 1059 4234 atque
1088 4145 1163 4229 per
1181 4123 1331 4205 canales
1352 4123 1428 4204 cD
1454 4121 1499 4201 in

158 4225 410 4333 receptacula
427 4231 496 4317 ff
518 4253 653 4335 aquam
671 4221 857 4408 effussdsst'
1311 4329 1344 4432 5
1414 4333 1450 4414 8.

1362 4350 1403 4410 2!
