3782 4958
449 489 526 576 370
776 505 778 510 ·
879 481 884 488 “
965 473 1180 548 Sacriouis
1206 471 1261 550 H.

401 652 601 758 particulis
621 652 774 751 semper
799 663 929 733 terrea
952 649 1125 751 pauxilla
1144 675 1229 750 pars
1247 647 1477 752 abripiatur3
1506 650 1610 734 haud
1627 651 1743 730 secus

400 781 447 838 ac
471 779 608 836 aurum
634 751 683 830 de
709 751 749 834 se
784 753 1005 835 fixiffimum
1037 754 1177 854 regulo
1205 751 1440 855 antimonii,
1466 755 1503 836 dc
1531 749 1741 833 Mercurio
1878 799 1880 870 j

401 859 604 941 sublimato
634 855 886 936 commixtum
913 850 960 932 ad
986 855 1118 956 ignem
1146 853 1260 934 sacile
1286 855 1328 932 in
1349 881 1459 936 auras
1479 857 1629 955 avolat3
1645 851 1741 933 hinc

401 959 554 1042 inauri
588 957 817 1074 argentique
852 957 1130 1060 liquationibus
1161 979 1279 1036 omne
1306 959 1546 1038 Mercuriale
1568 972 1634 1038 aut
1650 956 1741 1036 sali·
1879 987 1880 1030 i

401 1089 499 1146 num
523 1081 720 1140 removeri
746 1073 924 1163 oportet,
951 1059 1023 1140 nisi
1044 1058 1130 1164 quis
1149 1057 1245 1138 velit
1261 1059 1345 1140 auri
1366 1061 1597 1162 argentique
1618 1058 1742 1160 jaun-

384 1190 484 1256 ram
508 1162 668 1264 facere,
701 1161 740 1242 dr
773 1161 996 1244 volatilibus
1030 1157 1226 1262 particulis
1258 1159 1470 1262 pretiosum
1499 1177 1654 1262 raptum
1679 1160 1742 1240 iii-

403 1265 580 1365 dulgere.
659 1269 782 1349 Porro
816 1288 904 1344 cum
938 1261 1095 1344 tandem
1133 1261 1174 1340 in
1209 1263 1384 1365 repetitis
1420 1261 1792 1346 distillationibus.
1879 1321 1880 1324 a

401 1381 508 1447 terra
531 1363 658 1446 omnis
685 1365 823 1444 sensim
848 1366 1034 1468 eripitur,
1060 1365 1195 1445 oleum
1223 1365 1445 1467 superstes,
1479 1367 1548 1445 seu
1574 1365 1743 1444 subtilis-
1784 1365 1794 1388 “

402 1467 539 1550 fimum
563 1469 738 1547 alcochol
767 1468 808 1548 in
836 1495 944 1549 auras
969 1481 1184 1568 evaporatg
1214 1481 1322 1546 certo
1349 1481 1601 1570 argumento,
1627 1463 1741 1570 quod
1879 1507 1880 1510 κ

400 1571 545 1656 oleosae
570 1587 720 1671 partes,
762 1595 849 1651 cum
889 1595 961 1671 per
987 1570 1090 1669 ignis
1113 1568 1402 1650 vehementiam
1437 1597 1458 1648 a
1483 1569 1568 1648 sixo
1601 1585 1742 1649 terreo

400 1693 570 1790 corpore
596 1669 870 1778 eliberantur,
907 1671 1106 1755 volatilem
1140 1671 1245 1752 suam
1271 1671 1488 1750 libertatem
1516 1667 1652 1752 denuo
1683 1697 1745 1750 ac·
1878 1671 1880 1746 l

429 1789 568 1858 urrant

401 1801 429 1879 q
506 1873 573 1958 Ad
590 1875 662 1956 III.
715 1873 906 1974 Copiosus
924 1877 1026 1978 ignis
1050 1876 1165 1957 sumo
1194 1873 1400 1956 adhaerens
1422 1876 1542 1955 ellicit
1565 1874 1743 1958 eundem

403 1977 590 2080 specifice
619 1976 810 2058 leviorem
832 1983 924 2056 ae're
957 1984 1014 2081 (l.
1034 2007 1118 2081 359.
1137 1991 1232 2058 Num.
1249 1982 1350 2082 IV.)
1370 1993 1436 2058 aut
1459 1977 1574 2058 etiam
1588 1978 1743 2078 impetu

401 2079 509 2160 venti
534 2079 719 2182 pulveres
744 2079 895 2159 sursum
924 2079 966 2158 in
991 2092 1079 2162 aera
1104 2079 1356 2182 attolluntur,
1381 2081 1448 2184 qui
1475 2079 1644 2162 naturali
1673 2081 1743 2158 sua

451 2181 590 2262 avitate
613 2181 765 2283 semper
790 2181 891 2261 insra
917 2193 1046 2262 aerem
1075 2181 1287 2264 subsidunt.
1355 2187 1406 2262 Et
1432 2181 1610 2287 quamvis
1635 2181 1743 2284 ignis

431 2284 671 2366 ocimasticus
700 2285 827 2364 multo
852 2281 1024 2366 validior
1050 2285 1095 2364 sit
1124 2285 1206 2364 leni
1230 2281 1330 2366 a'eris
1358 2286 1478 2384 flatu,
1515 2307 1740 2365 commove·

399 2385 508 2464 bitur
533 2385 694 2486 quidem
722 2383 963 2468 tenuissimus
984 2402 1105 2468 terrae
1136 2388 1296 2487 pollen,
1331 2409 1416 2462 non
1442 2409 1539 2466 vero
1566 2387 1613 2462 ab
1643 2387 1741 2489 illo;

426 2483 493 2564 uia
517 2511 660 2589 nempe
685 2485 727 2564 in
754 2487 847 2587 igne
873 2486 968 2568 sorti
994 2487 1197 2590 aequaliter
1221 2485 1327 2570 omni
1355 2507 1403 2563 ex
1420 2501 1531 2588 parte
1548 2505 1653 2568 terra
1671 2489 1742 2570 illa

320 2597 336 2626 ⁰
399 2515 480 2670 iiia
505 2605 669 2688 urgetur
694 2587 863 2690 superne
886 2591 1103 2670 &inferne
1128 2589 1164 2668 dt
1191 2585 1433 2689 lateraliter3
1468 2589 1638 2692 ideoque
1669 2614 1741 2672 ve·

400 2688 470 2770 luti
498 2691 644 2792 stagnat
667 2691 707 2770 in
736 2691 861 2772 fluido
887 2693 1163 2792 homogene03
1206 2687 1315 2794 quod
1343 2689 1434 2768 sane
1460 2688 1507 2769 ad
1534 2693 1643 2772 venti
1672 2719 1740 2774 cu·

397 2793 560 2896 juspiam
594 2793 777 2896 allapsum
803 2820 883 2874 non
914 2793 1115 2895 contingit
1185 2791 1247 2871 Sic
1264 2815 1421 2909 quoque
1458 2791 1575 2873 maris
1602 2796 1640 2872 δι
1667 2797 1741 2876 tlu-

399 2893 553 2975 viorum
578 2897 701 2978 uiidae
730 2913 942 2980 ventorum
969 2893 1253 2978 incursionibus
1280 2920 1321 2972 in
1347 2895 1468 2974 altum
1493 2895 1740 2997 efferuntur,

397 3019 490 3177 iiuae
515 2997 557 3076 iri
584 3001 748 3106 proprio
780 2999 852 3082 suo
885 2997 923 3080 o
954 2999 1201 3100 homogeneo
1230 2993 1354 3079 fluido
1391 2995 1580 3100 perpetim
1614 2997 1738 3080 consi·¹

436 3113 557 3178 erent.

500 3199 567 3280 Ad
583 3201 654 3282 IV.
705 3199 785 3283 Etsi
815 3201 1095 3306 Chymicorum
1118 3226 1199 3281 non
1218 3199 1351 3302 pauci,
1376 3224 1507 3304 neque
1529 3200 1664 3282 infimi
1687 3201 1740 3282 as·

399 3297 601 3402 severant,
627 3305 874 3383 metallorum
900 3301 1072 3404 genesim
1099 3329 1120 3380 a
1147 3303 1231 3382 solo
1256 3304 1462 3384 Mercurio
1487 3305 1524 3386 dr
1550 3305 1740 3404 sulphure

1865 2915 1878 3059 1

397 3405 612 3505 metallico,
639 3405 890 3485 constantiam
908 3403 1237 3507 diuititatemque
1256 3403 1327 3507 ipsi
1341 3406 1543 3488 Mercurio
1559 3405 1740 3488 tribuen-
1875 3455 1876 3482 ι

397 3531 463 3609 te,
489 3503 698 3610 pendere;
731 3507 774 3587 iii
798 3507 895 3588 serii
917 3507 1036 3590 solius
1051 3507 1292 3588 resolutione
1309 3504 1509 3612 quidpiam
1533 3509 1738 3588 consimile
1870 3568 1876 3580 .

397 3629 519 3692 terrae
546 3605 817 3709 deprehendi,
849 3609 891 3688 in
922 3610 1077 3690 caeteris
1104 3607 1270 3690 metallis
1300 3609 1462 3692 omnino
1495 3609 1628 3711 nihi13
1665 3611 1737 3694 hoe

396 3727 526 3790 tamen
552 3707 650 3791 adeo
677 3733 819 3792 rerum
847 3737 931 3792 non
953 3713 1030 3812 est,
1056 3737 1145 3794 cum
1172 3735 1311 3794 eorum
1331 3711 1520 3792 sententia
1538 3713 1735 3814 originem
1868 3730 1873 3819 j

396 3811 557 3892 traxerit
582 3836 631 3908 ex
656 3835 727 3916 eo,
752 3811 857 3917 quod
886 3815 1041 3894 metalla
1066 3809 1288 3892 radicaliter
1315 3815 1470 3894 solvere
1496 3813 1567 3914 ipsi
1599 3813 1736 3918 nequi·
1868 3844 1873 3857 ·

397 3911 558 3990 verint:
611 3913 690 4090 (ᾖαί
716 3939 818 3996 vero
841 3917 914 3995 hac
942 3913 1099 3994 scientia
1127 3911 1215 3992 sunt
1246 3913 1429 4014 praediti,
1452 3915 1624 3997 satentui·
1654 3915 1736 4019 qui·
1874 3921 1875 3946 ¹

398 4007 490 4090 dem
504 4013 629 4187 dmi
663 4040 729 4096 um
755 4033 877 4098 terrae
903 4041 952 4096 ex
976 4013 1140 4094 metallis
1166 4014 1348 4098 resolutis
1373 4017 1525 4122 educi,
1560 4017 1630 4096 sed
1658 4045 1733 4100 uon
1873 4035 1874 4040 '

400 4113 475 4198 nisi
530 4111 746 4195 ifficillime.

500 4209 567 4299 nd
592 4217 645 4295 V.
711 4215 905 4304 Arenulae
929 4207 1016 4302 illae
1044 4239 1118 4320 pro
1148 4235 1252 4302 terra
1275 4243 1372 4323 pura
1398 4219 1534 4304 haberi
1559 4247 1643 4304 non
1672 4225 1730 4300 de·
1867 4190 1873 4221 '

1568 4325 1687 4425 beni,
