3782 4958
460 497 536 574 274
988 478 1201 552 Sterroms
1233 476 1266 554 1.

415 663 513 738 Nam
534 679 623 734 cum
643 655 829 754 globusB
848 653 1097 756 6librarum,
1123 679 1171 732 ex
1190 659 1221 734 C
1244 651 1430 736 deciduus
1455 655 1503 733 ad
1524 654 1743 740 distantiam

414 756 645 860 4·pedum,
671 755 712 833 in
739 757 900 860 appulsu
926 755 972 836 ad
996 759 1155 856 globum
1173 765 1234 858 A,
1268 758 1422 836 obicem
1448 756 1621 838 offendat
1647 779 1669 858 3
1696 756 1744 832 li-

414 861 592 956 brarum,
616 857 712 938 inde
731 858 803 960 fit‚
828 855 933 963 quod
954 879 1002 936 ex
1017 858 1231 939 velocitatis
1256 858 1335 939 suae
1361 859 1607 960 differentia,
1633 879 1744 936 nem·

414 985 462 1061 pe
486 989 525 1058 α,
548 983 663 1037 unam
687 961 838 1038 tertiam
863 976 1008 1060 partem
1029 959 1180 1062 adjiciat
1205 961 1399 1041 velocitati
1417 961 1526 1061 globi
1546 970 1595 1042 Α,
1650 961 1742 1054 Iam*

413 1063 1214 1166 veron—r·}:3{.&2÷t{:3t·
1399 1067 1444 1098 ’·
1774 1063 1778 1068 ’

517 1173 673 1240 Teniumz
711 1162 800 1269 Qod
825 1163 852 1240 sr
873 1165 1012 1264 globus
1034 1171 1063 1242 B
1083 1186 1130 1240 ex
1159 1161 1402 1244 Cdeciduus
1428 1165 1548 1246 trium
1574 1176 1742 1242 tantrnn-

414 1261 533 1342 modo
570 1261 756 1344 librarum
789 1261 864 1342 effe
894 1263 1074 1357 dicaturr
1110 1265 1248 1364 globus
1274 1278 1397 1342 autem
1426 1276 1466 1345 A
1492 1291 1540 1343 ex
1571 1267 1607 1344 K
1633 1260 1741 1338 deci-

414 1364 511 1443 dens
538 1364 722 1444 librarum
753 1366 842 1445 sex:
874 1379 968 1445 tunc
986 1368 1071 1466 post
1095 1379 1260 1446 mutuam
1279 1367 1522 1446 cotlifionem
1547 1367 1686 1466 globus
1708 1367 1739 1440 B

412 1464 505 1546 duas
526 1467 656 1543 tertias
675 1463 909 1546 differentiae
929 1467 1179 1547 velocitatnm
1206 1465 1412 1546 transferet
1437 1469 1478 1546 in
1497 1470 1658 1567 globum
1676 1470 1739 1560 A3

413 1592 460 1646 eo
484 1565 593 1670 quod
617 1567 801 1669 globusp
825 1567 1011 1648 librarum
1038 1569 1078 1645 se
1101 1568 1237 1646 habeat
1258 1565 1475 1648 adnabam
1494 1563 1751 1669 conjunbtam

411 1677 450 1748 Α
469 1670 505 1748 &
522 1673 551 1746 Β
567 1695 620 1753 ·:
636 1703 661 1772 9
677 1669 808 1770 libris,
832 1685 875 1749 ut
898 1683 948 1775 -ξ,
973 1681 1195 1773 tantumque
1223 1669 1368 1748 amittet
1387 1673 1524 1770 globus
1547 1677 1600 1768 B,
1629 1669 1682 1745 ita
1698 1680 1739 1744 ut

410 1772 495 1868 post
515 1773 758 1852 collirionem
775 1773 886 1849 ambo
903 1771 949 1848 ad
970 1783 1019 1874 αξ
1042 1770 1163 1872 pedes
1174 1771 1461 1873 provehantur,
1483 1771 1574 1850 duae
1593 1768 1738 1870 quippe

412 1873 542 1952 tertiae
569 1897 618 1952 ex
644 1873 798 1954 duobus
824 1872 990 1974 pedibus
1014 1872 1163 1953 faciunt
1194 1883 1261 1975 14.
1339 1874 1453 1974 Plaga
1477 1872 1634 1950 dernum
1659 1869 1737 1946 eol-

312 1993 317 2000 ·
411 1972 560 2155 lsissponin
577 1979 698 2078 major
713 1975 807 2078 erit,
833 1999 948 2081 quam
968 1975 1009 2054 in
1028 1976 1117 2054 casu
1134 1971 1385 2074 praecedente
1402 1977 1452 2054 ob
1473 1973 1661 2072 majorem
1678 1995 1737 2050 re·

429 2101 437 2150 r
475 2093 630 2157 entram.

233 2184 380 2281 Reascen*
512 2183 563 2260 Et
589 2180 646 2258 his
662 2177 821 2280 quidem
844 2173 962 2276 pedes
985 2175 1213 2277 potiss'rmum
1238 2177 1275 2254 dc
1298 2177 1412 2277 spatia
1433 2173 1738 2272 definiebantur,

226 2285 391 2385 susdefini-
409 2301 483 2380 per
499 2301 596 2382 quoe
622 2281 753 2359 collisa
779 2303 946 2378 corpora
963 2277 1247 2376 reascendent,
1271 2295 1335 2362 aut
1353 2301 1515 2394 quocun
1542 2302 1593 2356 ue
1617 2273 1737 2354 modo

232 2409 393 2490 nncorpo-
409 2381 619 2479 seruntur3
673 2377 793 2486 Quod
811 2380 838 2456 fi
856 2404 953 2462 vero
980 2394 1111 2481 agatur
1136 2381 1187 2457 de
1208 2307 1606 2458 determmandadota
1631 2401 1736 2457 com·

231 2493 380 2592 recolliss.
409 2479 521 2560 muni
545 2481 778 2582 velocitate,
812 2495 888 2585 qua
915 2507 1080 2584 corpora
1102 2483 1194 2657 post
1224 2479 1466 2560 cottifionem
1496 2473 1735 2590 ejuscemodi

404 2581 568 2685 junttim
591 2597 827 2685 moventur,
852 2582 893 2660 id
910 2584 1097 2664 observan
1128 2605 1191 2662 um
1211 2599 1342 2663 monet
1366 2587 1556 2681 Whtflontur:
1581 2583 1731 2659 velom-

406 2699 542 2782 tatem‚
559 2683 714 2788 utrique
734 2685 893 2786 corpori
913 2684 997 2786 post
1013 2683 1255 2762 collisronem
1273 2705 1543 2778 communem,
1559 2697 1642 2763 tum
1659 2675 1733 2758 effe

407 2785 560 2886 semper
573 2789 756 2887 majorem
787 2785 957 2866 dimidia·
972 2786 1117 2866 summa
1144 2783 1392 2864 velocitatum
1417 2783 1628 2889 utriusque
1652 2803 1736 2860 cor-

409 2890 541 2987 poris,
568 2911 654 2968 cum
680 2913 852 2990 corpus,
888 2887 1024 2966 eadem
1059 2883 1279 2963 directione
1306 2887 1464 2964 alterum
1492 2885 1736 2986 insequens,

407 2989 529 3086 majus
550 2987 670 3068 fuerit
692 3007 859 3090 corpore
877 2987 1164 3090 praecedente:
1190 2986 1295 3089 quod
1320 2986 1347 3068 fi
1371 3009 1469 3064 vero
1497 2985 1626 3066 minus
1651 3009 1734 3064 cor·

410 3115 479 3189 pus
505 3089 640 3188 majori
665 3091 897 3187 velocitate,
923 3089 1080 3190 corpori
1109 3090 1245 3188 majori
1270 3087 1510 3193 praecedenti
1537 3089 1734 3187 allabatur,

410 3205 490 3268 tum
514 3189 755 3270 vetocitatem
771 3211 1014 3270 communem
1028 3187 1103 3268 esse
1129 3189 1318 3268 minorem
1337 3214 1349 3288 3
1386 3205 1473 3272 nam
1494 3189 1545 3268 ita
1558 3189 1603 3266 se
1623 3213 1734 3290 pror-

408 3292 470 3369 sus
495 3289 609 3371 habet
634 3292 762 3370 media
786 3291 960 3391 summa,
988 3291 1064 3373 seu*
1082 3291 1237 3372 seminis
1262 3292 1511 3372 velocitatem
1531 3292 1734 3394 utriusque

406 3393 606 3493 corporis)
629 3391 678 3471 ad
706 3393 949 3474 velocitatem
967 3417 1211 3475 communem
1235 3394 1320 3494 post
1337 3391 1613 3492 collifionem3
1642 3392 1734 3472 ficut

407 3495 448 3573 se
471 3497 585 3574 habet
611 3495 817 3597 medietas,
843 3497 909 3573 seu
926 3497 1080 3576 semiffis
1103 3495 1278 3598 corporr's
1301 3497 1505 3674 utriuspne
1531 3493 1577 3572 ad
1594 3519 1733 3594 corpus

406 3600 545 3680 minue
604 3595 661 3676 Sit
680 3599 811 3702 itaque
830 3621 970 3698 corpus
1000 3599 1123 3694 majus
1142 3597 1348 3696 insequens
1371 3605 1401 3676 B
1453 3623 1591 3677 uarum
1620 3595 1732 3674 libra·

409 3713 518 3778 rum:
541 3697 772 3799 praecedens
798 3721 936 3799 corpus
962 3703 1001 3776 A
1027 3696 1149 3794 librae¹
1165 3696 1292 3778 unius
1331 3724 1418 3786 24·
1442 3729 1454 3776 r
1474 3731 1526 3785 ς,-
1545 3729 1577 3801 3.
1623 3701 1733 3798 cujus

408 3798 632 3883 remiffis:
649 3813 712 3901 ιζ..
763 3797 961 3880 Velocitas
987 3798 1163 3899 corporis
1187 3805 1217 3876 B
1237 3827 1289 3882 :-
1305 3831 1355 3885 ατ
1389 3802 1576 3882 velocitas
1592 3825 1730 3901 corpo·

406 3898 619 3981 risA:r
650 3899 1150 3998 .2><2::4.·&1><
1181 3927 1275 3984 1:
1304 3931 1334 3986 1.
1372 3929 1633 4006 tte-1:55
1669 3927 1731 3982 cu-

383 4038 387 4046 ·
404 4003 472 4102 jus
498 3997 653 4080 semiffis
682 4009 745 4102 αξ.
815 4015 899 4101 Jam
926 3999 995 4080 fiat
1011 4000 1239 4114 proportio:
1269 4015 1349 4104 I'e·
1380 4033 1396 4086 r
1426 4006 1518 4086 seu:
1547 4029 1569 4108 3
1596 4061 1606 4082 .
1631 4035 1657 4088 α
1685 4033 1694 4081 :
1720 4034 1730 4084 e

408 4129 434 4182 2
449 4109 500 4196 {a
536 4103 640 4184 X:
665 4115 734 4182 1³.
757 4103 810 4181 ita
834 4121 878 4184 ut
897 4102 1107 4202 velocrtas,
1136 4106 1220 4202 post
1245 4109 1483 4186 collifionem
1513 4109 1730 4188 communis

410 4199 568 4304 utrique
597 4201 641 4280 fit
668 4165 715 4284 ad
736 4203 911 4306 priorem
939 4201 1183 4286 velocitatem
1207 4209 1371 4292 minoris
1397 4208 1666 4313 corporis-A,
1690 4226 1730 4292 ut
1868 4311 1870 4318 Α
