3900 4956
437 508 487 607 26
826 507 1133 590 Pnouuoomertn
1184 513 1379 593 Pursrcu.

387 693 449 791 jus
469 689 636 782 minimis
668 693 867 795 particulis
892 694 1005 774 facile
1029 697 1206 775 craffiora
1227 719 1396 798 corpora
1422 717 1510 774 corn
1539 693 1624 798 ingl
1639 697 1724 796 pol

390 795 487 874 sent.
522 797 573 876 ait
588 801 760 898 Anlloreles
786 799 852 875 Lil.
872 808 898 878 l.
922 801 1063 903 Mnaph.
1086 809 1207 906 capa.
1255 795 1470 898 AEnopides
1487 721 1607 879 Cirius
1624 811 1722 902 ignara
1753 855 1757 866 .

391 897 429 974 cla
445 915 558 976 aerem.
588 899 747 999 Hippon
763 899 964 1002 Rheginos
981 911 1079 1002 ignem
1096 899 1132 978 δι
1151 929 1276 1004 aquam.
1313 899 1587 980 Onomacritus
1606 909 1721 1004 ignom

391 997 429 1076 di
446 1001 610 1102 aquam&
626 1023 744 1077 terram
757 1019 802 1081 ut
814 1003 975 1084 testatur
987 1023 1072 1078 Sext.
1089 1010 1270 1108 Empyricus
1286 1009 1396 1098 Pyrrh.
1415 1011 1570 1109 Hyporrp.
1594 1011 1675 1108 Cap.
1689 1025 1724 1104 4.

389 1105 533 1177 calidum
549 1102 586 1181 ala
596 1107 650 1204 sri
667 1106 755 1180 idom
775 1127 1021 1184 concurrens
1037 1105 1155 1183 rebus
1175 1101 1319 1182 dedilIe
1337 1101 1527 1204 originem
1541 1105 1728 1202 opinatus*

389 1201 444 1282 est
460 1131 723 1285 Pannoniies.
749 1219 871 1310 arssot.
898 1237 922 1286 ι.
939 1209 1046 1308 riyfir.
1067 1225 1141 1314 cap.
1157 1219 1190 1282 o.
1219 1203 1496 1307 Empedocleo,
1516 1205 1615 1285 teste
1632 1223 1720 1285 saar.

392 1317 548 1404 Enapyrico
570 1307 626 1385 iil.
645 1315 670 1384 l.
694 1309 838 1404 advrrfias
867 1311 997 1409 Pbyficor
1017 1319 1093 1415 Cap.
1106 1335 1171 1404 s.,
1224 1302 1352 1383 dixit:
1379 1309 1414 1389 ἒξ
1441 1313 1633 1406 refocillari
1660 1310 1724 1382 raia

394 1409 453 1481 coir
470 1406 560 1480 iao»
579 1405 693 1506 depol
716 1429 726 1454 ⁸
753 1417 907 1505 circueat
922 1413 979 1501 pair
998 1412 1061 1484 τὰ
1081 1410 1213 1482 inania,
1240 1409 1340 1504 dirae,
1369 1409 1468 1504 diga,
1493 1407 1582 1514 trip·
1610 1411 1662 1481 lia
1686 1411 1721 1482 ii

395 1506 458 1580 raia
475 1512 658 1606 iraemplar,
684 1523 790 1596 panim
816 1539 870 1582 aar
893 1509 1016 1588 νεῖκος.
1043 1516 1106 1587 er
1121 1537 1226 1585 reram
1248 1519 1426 1617 principia,
1448 1511 1724 1616 quatuorquidrm

396 1617 571 1688 materialia
591 1639 605 1686 .·
631 1632 770 1696 terram,
789 1637 916 1716 aquam,
934 1627 1035 1686 atram
1052 1619 1093 1688 ff
1118 1625 1216 1716 ignem
1238 1642 1250 1698 ,·
1276 1613 1337 1686 duo
1357 1633 1459 1687 autam
1478 1622 1623 1714 agentia:
1641 1621 1724 1688 arni·

395 1721 501 1786 citiam
515 1719 557 1790 ti
573 1719 669 1788 liram.
721 1708 799 1790 Sed
819 1711 1004 1814 quoniam
1022 1711 1111 1790 haec
1132 1734 1265 1814 neque
1285 1711 1432 1810 sensui,
1459 1734 1592 1813 neque
1609 1707 1725 1792 intel·

394 1807 513 1890 leftui
527 1811 677 1893 faciunt
692 1811 804 1914 satie,
840 1835 921 1890 non
937 1828 1048 1892 vacat
1064 1835 1108 1890 ea
1124 1809 1278 1914 longius
1295 1821 1620 1891 commemorare.

215 1925 371 2016 Principia
496 1916 626 1994 XXII.
660 1915 742 1995 Alii
760 1937 782 1992 e
800 1915 975 1996 Graeciae
990 1913 1226 2013 sapientibus
1250 1916 1383 2014 suere,
1410 1915 1478 2018 qui
1496 1925 1635 1992 minimis
1659 1935 1724 1994 re-

212 2021 372 2099 Mrcharu'·
394 2037 483 2092 rum
504 2037 787 2114 corporearum
804 2023 969 2122 particulis
988 2017 1208 2118 primorum
1236 2015 1521 2116 principiorum
1549 2039 1720 2115 nornen,

61 2132 74 2168 Ν
215 2149 267 2198 ca.
293 2159 297 2166 =
360 2205 365 2212 ,
393 2115 701 2219 dignitatemque
716 2119 966 2234 tribuerunt²
995 2143 1090 2222 quae
1109 2118 1285 2220 quamvis
1307 2118 1392 2198 suae
1410 2119 1523 2196 molis
1549 2117 1724 2196 exilitate

389 2217 521 2296 sensus
539 2219 859 2326 subterfugiunt,
886 2219 1004 2298 faeno
1022 2237 1152 2301 tamen
1175 2219 1378 2300 intellectu
1407 2235 1526 2322 atque
1544 2217 1725 2319 imagina-¹

390 2321 499 2400 tione
519 2319 869 2423 deprehenduntur
885 2337 1067 2423 tanquam
1087 2323 1260 2400 minimae
1278 2322 1515 2422 entitatulae‚
1538 2339 1631 2423 quae
1649 2343 1723 2418 pro

393 2422 543 2503 diversa
560 2426 624 2503 sua
640 2426 768 2519 fipura
785 2425 823 2502 δι
839 2437 948 2500 motu
966 2425 1137 2506 Auitori
1153 2428 1263 2522 Deo,
1283 2420 1329 2501 ad
1352 2421 1591 2503 diversarum
1611 2433 1724 2501 natu·

390 2549 521 2603 rarum
537 2507 854 2628 produitionem,
873 2527 982 2626 Juxta
999 2527 1088 2606 artis
1120 2527 1226 2626 leges
1254 2523 1453 2604 deservire
1468 2535 1691 2627 potuerunt
1709 2547 1723 2618 ς

391 2627 500 2708 unde
519 2629 556 2708 di
573 2653 720 2710 nomen
740 2629 848 2706 suum
871 2640 1021 2730 principia
1042 2633 1217 2708 mechanica
1241 2649 1377 2706 avoce
1392 2629 1531 2722 raanan·
1544 2624 1583 2702 id
1601 2623 1654 2700 est
1671 2653 1726 2698 ars

392 2743 610 2811 traxerunt.
665 2729 745 2835 Qui
771 2731 929 2806 demum
954 2726 1171 2830 Philosophi
1199 2738 1375 2808 mechanica
1393 2739 1547 2836 principia
1569 2723 1726 2828 delege-

394 2850 510 2936 runt,
538 2831 727 2912 dicuntur
752 2835 980 2934 Corpusculoris
993 2834 1182 2935 Philosophia
1196 2829 1429 2911 SeiialoreS.

248 2963 376 3031 Anaxa·
505 2939 658 3018 XXIII.
693 2947 894 3112 Anaxaporas
915 2956 1006 3010 cum
1033 2931 1199 3032 plurima
1221 2929 1392 3033 produci
1419 2924 1600 3028 videret,
1629 2947 1724 3040 quae

218 3085 314 3165 gom,
400 3057 487 3117 ante
502 3063 583 3116 non
599 3037 772 3134 luerint,
826 3056 887 3111 aec
906 3035 1097 3136 interire,
1126 3035 1354 3136 iterumque
1376 3027 1571 3130 produci,
1600 3027 1727 3105 existi·

396 3139 516 3221 mavit
533 3139 573 3216 in
596 3135 747 3215 cuniiis
766 3135 1000 3234 corporibus
1028 3133 1203 3216 omnium
1231 3157 1365 3212 rerum
1392 3135 1587 3232 minuaifflma
1605 3129 1728 3230 semina
1765 3179 1772 3202 .

398 3239 628 3321 delitescere
649 3263 661 3340 3
690 3235 751 3317 Sic
768 3239 808 3316 in
823 3261 921 3340 pane
940 3267 979 3318 v.
992 3263 1028 3341 g.
1046 3241 1196 3339 &aqua
1212 3232 1408 3317 contineri
1426 3232 1632 3330 particulas
1643 3251 1729 3305 cnr-

398 3339 523 3442 nium,
543 3340 695 3440 ossium,
717 3363 948 3440 nervorum,
968 3339 1136 3420 crinium
1151 3338 1226 3416 &c
1254 3337 1396 3442 quibus
1413 3331 1557 3412 deinde
1577 3354 1731 3446 pernu-

399 3445 602 3525 tritionem
623 3443 662 3525 in
691 3442 772 3522 suas
793 3441 937 3540 clalies,
958 3440 1163 3544 segregatis
1190 3441 1354 3519 humana
1369 3437 1541 3512 membra
1558 3433 1730 3510 similan-

398 3554 473 3630 bus
493 3547 666 3648 partibus
682 3542 946 3643 reficiuntur,
971 3543 1220 3622 decrescunt.
1283 3537 1400 3621 Dixit
1414 3553 1545 3616 autem
1564 3537 1726 3650 haspar-

400 3653 538 3734 ticulas
555 3653 751 3743 ἑμοιομερία.
776 3645 814 3722 d:
838 3659 1054 3734 πανσπερμίαν
1075 3699 1084 3719 .
1112 3645 1181 3720 His
1200 3639 1428 3721 fimilaribus
1448 3640 1486 3717 dr
1504 3635 1729 3714 diffimrlarr·

399 3759 474 3833 bus
493 3763 680 3852 Anaxagora
697 3743 897 3846 particulis
912 3744 974 3822 alii
993 3747 1106 3823 etiam
1119 3745 1235 3822 vitam
1248 3767 1292 3822 ac
1302 3757 1473 3822 mentem
1487 3739 1728 3817 tribuerunt.

401 3863 437 3938 S.
456 3853 626 3951 August.
644 3849 710 3928 lib.
729 3861 766 3940 8.
788 3845 838 3927 de
857 3848 975 3927 civit.
999 3847 1079 3927 Dei
1099 3851 1197 3946 Cap.
1219 3871 1258 3930 2.
1287 3857 1479 3948 Anaxagora
1495 3840 1624 3942 liccefflt
1637 3837 1730 3914 oudi-

400 3961 528 4055 torcios
551 3954 723 4031 Archelaus
741 3976 752 4051 3
779 3964 872 4026 ctiam
896 3953 954 4057 ipsa
967 3959 1132 4054 particulis
1161 3961 1242 4024 inter
1252 3950 1286 4050 sa
1306 3943 1516 4047 drffimiliiur,
1542 3947 1653 4047 qulbus
1667 3943 1727 4030 fin.

396 4065 472 4166 guia
488 4055 753 4162 quaquaficrant‚
777 4061 823 4126 ira
839 4067 942 4130 omnia
958 4057 1084 4141 constare
1093 4061 1242 4156 putavit,
1270 4073 1305 4124 ut
1320 4047 1404 4146 inrffr
1428 4054 1520 4120 etiam
1538 4065 1667 4118 narniam
1679 4041 1731 4112 di·

402 4182 500 4248 crret;
526 4187 590 4260 qraa
612 4181 740 4260 corpora
756 4153 934 4253 difflmilia,
957 4153 995 4225 id
1006 4157 1062 4251 est,
1088 4161 1152 4227 illas
1167 4157 1341 4253 particular
1365 4147 1570 4254 conjungendo
1588 4143 1629 4218 t!
1651 4139 1730 4237 diffi-

393 4263 500 4370 pando
515 4281 610 4362 agerat
629 4267 744 4334 omnia.
798 4255 872 4331 Per
897 4251 986 4331 haec
1007 4263 1194 4360 Anaxagora
1219 4245 1410 4355 principia
1429 4249 1580 4326 tollitur
1600 4265 1627 4321 e
1649 4260 1736 4320 me-

1611 4341 1679 4428 dio
