3878 4958
448 465 530 544 180
854 530 862 538 ,
902 453 1172 530 Sucrioxis
1197 453 1232 544 1,

405 648 507 735 inat,
533 632 664 714 rursus
683 633 832 718 sublato
850 637 1088 740 aequilibrio*
1105 635 1236 738 liquor
1255 627 1422 712 inferior
1443 632 1667 737 suspensum
1686 638 1746 720 su·

408 737 608 836 periorem
623 757 695 838 per
711 735 910 820 orificium
930 747 970 822 A
987 741 1166 840 expellet.
1303 795 1308 806 ·

241 839 364 920 Libello
514 841 658 943 §.194
718 839 834 918 Libello
852 845 1065 941 Hydraflartca
1083 859 1248 922 vocatur
1261 836 1501 940 machinula,
1523 864 1599 943 qua
1615 837 1746 918 diver-

245 946 371 1042 livdrc»
414 939 543 1022 sorum
559 938 771 1022 fluidorum
788 943 953 1043 gravitas
977 945 1226 1046 exploratum
1253 939 1402 1022 constat
1420 940 1506 1020 haec
1523 943 1745 1022 machinula

231 1051 353 1140 jlmica.
409 1043 507 1122 t'ubo
522 1047 573 1144 lt,
592 1043 634 1122 in
649 1046 756 1222 cuLus
775 1043 989 1126 summitate
1006 1045 1129 1128 circui
1190 1041 1747 1144 F‚attigand0filoid0neus:

242 1145 319 1234 iil·
347 1154 383 1226 V.
412 1144 515 1224 insra
539 1169 636 1226 vero
655 1145 702 1222 ha
732 1161 770 1226 et
789 1144 887 1228 duos
910 1149 1048 1248 globos
1071 1150 1149 1230 vitr
1200 1172 1240 1240 s,
1262 1153 1302 1225 A
1324 1147 1382 1226 est
1397 1159 1499 1228 totus
1525 1169 1688 1244 vacuus,
1712 1151 1744 1224 Β

241 1251 305 1350 lig.
329 1255 362 1329 6.
410 1273 507 1326 vero
526 1247 717 1328 inclusum
737 1248 840 1347 gerit
850 1249 1108 1354 Mercurium,
1126 1267 1189 1332 aut
1203 1246 1385 1350 globulos
1401 1242 1606 1346 plumbeos
1624 1249 1673 1330 us
1693 1270 1744 1328 ue

409 1350 453 1430 in
483 1352 543 1462 Y,
568 1348 725 1428 tubulus
748 1349 830 1450 ipse
866 1352 908 1430 iii
931 1353 1065 1454 plures
1082 1353 1252 1470 aequales
1280 1367 1406 1450 partes
1423 1377 1539 1462 ist,
1563 1379 1652 1452 Μ
1713 1371 1746 1426 c.

412 1447 557 1530 divisus
576 1449 644 1528 est.
707 1457 793 1530 Hoc
812 1449 1111 1536 instrumentum
1127 1481 1171 1534 in
1186 1450 1305 1533 variis
1324 1448 1454 1534 fluidis
1473 1450 1521 1530 ad
1537 1455 1662 1540 varias
1679 1447 1748 1526 de-

411 1547 562 1634 scendit
584 1550 890 1654 profunditates,
916 1581 960 1634 ac
980 1555 1134 1658 pondus
1158 1551 1323 1673 liquoris
1342 1551 1514 1649 e'usdem
1531 1552 1747 1638 voluminis

398 1653 647 1756 exprimitur
664 1656 1007 1768 perquantitatem
1037 1657 1186 1742 libellae
1202 1656 1418 1756 immersae,
1438 1656 1494 1746 ¹ita
1514 1671 1558 1737 ut
1582 1655 1751 1738 densitas

412 1758 534 1857 major
549 1756 710 1857 alicujus
729 1757 892 1859 liquoris
915 1776 1072 1842 notetur
1095 1785 1168 1862 per
1189 1759 1383 1840 minorem
1410 1757 1563 1840 libellae
1591 1761 1749 1838 immer-

413 1859 559 1938 sionem
578 1884 590 1958 3
618 1855 822 1941 densitates
849 1887 1014 1966 namque
1031 1862 1229 1964 liquorum
1250 1861 1337 1942 sunt
1365 1855 1535 1942 inversae
1558 1873 1602 1940 ut
1621 1877 1750 1962 partes

411 1959 631 2060 immersae3
658 1957 698 2036 id
722 1962 798 2044 est:
827 1979 972 2080 quanto
1002 1967 1125 2066 major
1148 1965 1203 2045 est
1235 1961 1384 2040 libellae
1405 1959 1627 2062 immersio,
1643 1975 1750 2044 tauto

410 2061 542 2145 minor
559 2063 618 2142 est
638 2063 802 2146 densitas
818 2065 1005 2169 liquoris,
1022 2065 1059 2144 u
1075 2065 1239 2146 vicilllm
1257 2068 1315 2168 (i.
1336 2069 1436 2166 πόα).
1487 2070 1575 2144 Hoc
1588 2085 1747 2168 quoque

410 2165 670 2248 instrumento
705 2165 852 2250 salsedo
878 2191 989 2282 aquae
1014 2163 1351 2270 deprehenditur:
1387 2164 1508 2266 injice
1540 2164 1583 2242 iu
1603 2164 1749 2244 vitrum

409 2292 522 2370 aquae
547 2269 683 2369 justam
710 2268 797 2348 salis
819 2287 1074 2375 portionem,
1101 2271 1273 2350 resoluto
1304 2265 1382 2379 sale
1407 2264 1584 2348 advertes
1609 2267 1750 2346 instru-

405 2389 587 2449 mentum
604 2369 816 2450 ascendere
833 2402 841 2452 :
868 2370 1013 2469 inieslo
1028 2373 1160 2454 rursus
1173 2371 1250 2451 sale
1265 2391 1386 2468 magis
1399 2365 1590 2450 ascendet.
1623 2365 1752 2446 Vides

414 2471 533 2575 igitur
551 2471 722 2583 eausam,
741 2497 858 2555 eccur
871 2473 1025 2574 navigia
1046 2474 1088 2554 in
1107 2473 1338 2556 fluminibus
1359 2471 1476 2553 altius
1496 2489 1747 2570 mergantur,

411 2596 528 2676 quam
557 2576 714 2654 inmari
743 2579 905 2680 (§·152·
930 2587 1025 2655 Num.
1044 2581 1148 2678 IV.)
1206 2579 1331 2656 Porro
1348 2573 1425 2654 hoc
1447 2570 1590 2654 eodem
1605 2572 1748 2653 instru-

414 2694 548 2754 mento
564 2695 735 2760 monetae
757 2679 927 2779 probitas
943 2677 1215 2780 cognoscitur:
1244 2699 1296 2758 ex
1318 2675 1482 2776 globulo
1502 2673 1696 2754 inferiore
1714 2679 1745 2754 B

414 2773 637 2878 dependeat
659 2781 747 2860 lanx
766 2785 831 2882 M,
857 2779 948 2860 huic
973 2779 1182 2862 successive
1205 2779 1421 2878 imponitur
1447 2777 1484 2856 ἃ
1510 2777 1636 2884 proba
1669 2801 1751 2862 nio-

396 2899 504 2970 ‚neta
523 2879 581 2980 N,
599 2883 636 2962 δι
653 2883 850 2985 suspesla3
884 2881 991 2984 quod
1009 2883 1037 2962 si
1055 2902 1211 2964 moneta
1234 2879 1279 2962 sit
1297 2879 1444 2982 spuria,
1461 2881 1588 2962 minus
1612 2877 1751 2960 instru-

415 2995 588 3062 mentum
608 3003 816 3086 mergetur.

244 3079 324 3156 Tui.
345 3089 381 3160 l'.
515 3087 544 3184 i.
575 3111 657 3184 195.
710 3087 1033 3186 Experimentum
1052 3085 1091 3164 dt
1109 3081 1212 3166 illud
1233 3109 1314 3166 non
1330 3079 1451 3162 modo
1467 3081 1748 3186 perpulchrum

251 3185 356 3286 lig-7.
412 3184 452 3262 dt
471 3183 687 3285 jucundum
702 3189 782 3288 est,
809 3187 1009 3270 sedetiam
1035 3183 1246 3268 admodum
1270 3184 1391 3287 utile,
1416 3211 1498 3286 quo
1522 3181 1582 3263 vis
1607 3201 1749 3287 aquae,

418 3284 466 3362 ad
483 3288 753 3390 aequilibrium
768 3289 927 3372 nitentis
943 3287 1210 3392 exprimitur:
1232 3288 1279 3370 sit
1294 3313 1363 3368 vas
1384 3293 1450 3384 A,
1477 3311 1526 3366 ex
1544 3283 1653 3386 ligno
1681 3299 1749 3366 aut

416 3389 557 3470 lamina
566 3391 847 3494 compositum,
864 3394 927 3474 ciii
946 3389 1181 3474 exaitiffime
1199 3391 1410 3496 applicatus
1425 3387 1471 3470 sit
1484 3389 1605 3472 tubus
1619 3387 1750 3466 ascen-

416 3493 515 3574 dens
535 3497 628 3598 DE,
641 3519 690 3574 ex
708 3495 850 3576 lamina
868 3492 1078 3578 consettue
1129 3499 1210 3576 Vas
1228 3500 1269 3574 A
1280 3493 1488 3594 impleatur
1502 3508 1748 3607 totumaqua,

415 3623 461 3677 ac
483 3595 651 3700 desuper
676 3595 907 3680 extendatur
934 3595 1061 3676 vesica
1086 3613 1150 3678 aut
1179 3601 1442 3696 Pergamena,
1466 3594 1653 3676 sumentis
1678 3597 1749 3675 CC

415 3701 640 3784 examussim
656 3699 864 3784 adstritta:
891 3701 1013 3804 pleno
1033 3701 1122 3780 vase
1139 3705 1179 3784 Α
1203 3695 1385 3782 ascendet
1407 3723 1505 3800 aqua
1523 3699 1566 3778 in
1584 3695 1684 3777 tubo
1700 3689 1748 3776 ad

415 3803 683 3902 aequilibrium
704 3805 886 3910 usquein
908 3807 939 3882 F
959 3805 1066 3902 juxta
1087 3799 1362 3909 hydrostaticas
1387 3800 1495 3900 leges
1521 3803 1583 3902 (i.
1606 3801 1748 3900 191.);

413 3915 495 3982 tum
512 3928 585 4006 per
604 3909 801 3989 orificium
827 3907 1108 3991 Eimmittatur
1133 3931 1233 4007 aqua
1249 3903 1291 3984 in
1314 3905 1479 4003 tubum,
1505 3903 1543 3982 δι
1577 3903 1749 4000 impona·

418 4021 486 4086 tur
504 4007 690 4088 vesicaeB
713 4007 870 4108 pondus
888 4013 923 4090 X
942 4007 1091 4109 aliquot
1109 4008 1314 4104 librarum,
1332 4003 1750 4106 deprehendeturque‚

417 4105 527 4209 quod
551 4109 783 4195 ascendente
804 4114 845 4192 in
862 4112 956 4192 tubo
978 4135 1076 4211 aqua
1095 4109 1250 4210 pondus
1269 4111 1305 4190 X
1326 4109 1515 4192 continuo
1536 4107 1748 4206 attollatur„

415 4235 491 4314 pro
509 4211 661 4292 ratione
679 4213 867 4296 nimirum
892 4211 1108 4317 gravitatiS,
1131 4237 1370 4317 quampaqua
1384 4211 1429 4294 iu
1443 4213 1544 4294 tubo
1560 4207 1697 4292 naneis
1720 4207 1748 4276 '-

1619 4325 1699 4412 rui,
