3900 4956
337 497 611 580 Drssaurnrro
633 485 686 563 Il.
722 479 788 562 Du
807 483 1048 560 Cousaacru
1068 484 1182 560 Hrsr.
1204 481 1325 562 Pars.
1428 473 1503 586 '27

218 679 284 766 dio
301 677 464 762 mutatio
489 665 739 752 substantialis
757 665 797 745 in
825 667 946 745 rebus
966 691 978 765 3
1014 687 1215 770 nunquam
1241 664 1344 744 'enim
1366 681 1493 765 partes
1510 664 1554 744 sr-

216 787 370 867 milares
400 778 679 870 destruuntur,
704 767 769 846 sed
800 768 923 847 solum
947 768 1223 848 secernuntur.
1278 770 1380 847 lllud
1410 787 1551 870 praete·

214 914 282 969 rea
299 909 494 987 Anaxagoras
512 875 696 954 absonum
715 867 957 988 venditavit,
986 871 1097 1043 puod
1115 871 1324 971 particulas
1350 867 1552 950 diverfilh-

213 1013 365 1070 marum
383 997 608 1065 naturarum
629 1003 667 1052 v.
680 999 718 1074 g.
740 993 939 1072 carnium,
961 996 983 1048 0
1019 997 1115 1073 rum,
1136 973 1307 1072 pilorum
1333 973 1408 1051 dac.
1427 972 1552 1070 prima

244 1086 409 1187 rincipia
426 1078 673 1162 constituerit
693 1101 705 1174 3
735 1096 824 1151 cum
847 1090 989 1187 tamen¹
1004 1095 1053 1148 eo
1083 1073 1192 1172 ipso,
1221 1075 1331 1178 quod
1358 1072 1549 1152 dillinstas

214 1199 296 1278 111ae
313 1187 520 1293 particulae
548 1197 705 1261 naturas
729 1176 915 1280 habeant,
943 1173 1024 1254 altis
1048 1175 1229 1270 constare
1251 1173 1456 1278 principiis
1480 1200 1550 1256 ne-

212 1294 373 1378 ceffari'o
395 1290 576 1368 debeant.
668 1309 672 1318 ·
1171 1299 1189 1306 ·’
1404 1288 1406 1294 ’

197 1483 199 1487 .
226 1431 230 1438 ·
315 1397 466 1474 XXIV.
496 1393 691 1464 Democritus
711 1382 911 1460 &alemus
932 1379 1012 1461 duo
1039 1373 1258 1481 posuerunt
1281 1403 1416 1459 rerum
1436 1379 1724 1482 prin-Damocles

216 1493 318 1596 ulpia
334 1525 343 1575 ε
361 1519 477 1574 atomos
496 1489 533 1566 dl
549 1501 662 1583 inane,
689 1497 736 1561 ut
757 1410 985 1564 Piuta'rchus
1003 1485 1054 1564 ait
1073 1481 1186 1560 Prata.
1208 1491 1234 1562 l.
1255 1501 1329 1588 Cap.
1351 1509 1383 1578 3⁴
1419 1494 1544 1564 Atomas
1555 1485 1690 1596 Epicuri.

199 1601 403 1682 ‘dixerunt
427 1593 466 1682 hi
495 1589 541 1668 ab
567 1605 722 1667 aeterno
743 1585 914 1665 infinitas
940 1585 1131 1681 existere,
1157 1582 1456 1698 figurarumque
1474 1585 1550 1665 elle

217 1701 477 1797 diversarum,
488 1687 695 1784 rotundas,
708 1686 875 1787 etlricas,
891 1709 971 1768 non
988 1687 1139 1766 edricas
1151 1687 1433 1764 exDemocrrti
1445 1710 1555 1766 men·
1576 1773 1577 1792 Ν

216 1823 258 1885 te
275 1807 441 1902 Aristoteles
463 1803 742 1874 commemorat
758 1790 827 1866 ml.
849 1801 875 1866 l.
893 1792 1007 1888 abyſse.
1029 1799 1103 1895 Cap.
1123 1799 1158 1865 6.
1188 1801 1307 1889 atque
1328 1789 1379 1866 ob
1406 1788 1553 1868 exilita-

215 1923 296 1988 tem
314 1900 426 1980 molis
446 1922 526 1977 non
545 1892 665 1971 modo
684 1889 794 1971 sensu
821 1889 1064 1990 deprehendi
1079 1912 1161 1970 non
1175 1889 1306 1988 polle,
1333 1888 1400 1969 sed
1416 1914 1551 1992 neque

219 2009 300 2086 ulla
320 2017 425 2102 arte,
454 2011 519 2076 aut
541 1995 580 2072 vi
602 1989 800 2092 confringi
824 2002 988 2091 propter
1005 1989 1260 2090 soliditatem,
1289 1993 1555 2071 &carentiam

212 2107 346 2188 ‘omnis
358 2101 472 2185 vacui
482 2092 763 2193 interjacentis.
784 2191 790 2206 ·
812 2091 1048 2190 lmnerursus
1061 2091 1249 2172 dixerunt
1262 2089 1336 2170 else
1348 2091 1554 2174 infinitum
1669 2126 1673 2134 κ

210 2211 412 2310 spacium,
426 2203 468 2280 in
479 2205 767 2302 quocumamma·
780 2190 948 2272 rofinitae
959 2193 1126 2272 fortuito
1145 2195 1408 2294 concurrunt,
1425 2193 1557 2274 infini-

213 2329 281 2391 tos
300 2305 469 2387 mundos
486 2297 753 2410 constituunt,
770 2293 819 2409 ,δι
846 2318 920 2392 pro
943 2294 1098 2376 ratione
1121 2294 1284 2374 minoris
1305 2297 1371 2374 vel
1396 2295 1551 2396 majoris

217 2413 342 2493 inanis
362 2403 470 2508 spatii
491 2394 905 2497 intercept1,d1versae
929 2411 1085 2476 naturae
1103 2419 1274 2499 corpora
1292 2413 1551 2497 componunt.

154 2532 156 2538 ’
213 2509 377 2599 Diversr
392 2520 520 2584 tamen
534 2501 652 2615 suere
668 2496 862 2610 paulisper
878 2495 982 2576 inter
999 2499 1038 2578 se
1051 2509 1247 2580 Democritus
1265 2499 1303 2580 da
1322 2499 1552 2598 Epicuruscir·

213 2639 264 2694 ca
286 2637 483 2704 atomorum,
513 2603 656 2705 qulbus
685 2623 815 2676 omma
842 2600 1018 2680 constare
1041 2602 1251 2697 volebant,
1275 2610 1469 2680 naturam:
1486 2611 1553 2679 Dc·

216 2731 366 2795 macrum
393 2705 600 2788 nonnullas
631 2699 785 2780 dicebat
810 2699 884 2778 elle
914 2704 1105 2804 majores,
1132 2717 1179 2782 ut
1208 2703 1335 2782 resert
1353 2703 1551 2810 Didymus

213 2817 324 2917 'apud
343 2811 448 2905 Eusrb.
478 2827 645 2903 Praeparat.
672 2817 757 2880 Euan
776 2807 814 2880 el.
840 2801 893 2881 lib.
919 2831 966 2898 24,
989 2813 1072 2910 Cap.
1092 2829 1159 2906 233
1186 2819 1224 2880 at
1238 2817 1386 2908 Epicurus
1414 2827 1552 2882 omnes

211 2918 394 3000 ‚absolute
412 2907 588 2986 minimas
612 2832 812 3014 pertendit
832 2927 841 2976 ε
861 2909 1059 2980 Democritus
1086 2903 1228 2982 docuit
1240 2928 1359 2982 atomos
1383 2902 1458 2984 else
1474 2903 1554 2983 ani-

213 3036 360 3116 matas,
389 3032 482 3114 quae
499 3006 657 3084 interno
682 2999 844 3100 impulsu
858 2997 995 3101 seipsas
1011 3001 1282 3106 concitarent,
1308 3015 1353 3082 ut
1371 3023 1404 3086 s,
1425 3009 1549 3113 August.

212 3137 262 3202 air
278 3123 394 3227 Epistol.
413 3127 476 3200 ¹18·
498 3110 543 3185 ad
556 3106 735 3220 Dioscomnr
754 3109 841 3216 salit.
861 3117 895 3178 S.
921 3109 1047 3182 Mauri.
1101 3111 1251 3211 Epicurus
1266 3119 1416 3188 motum
1433 3101 1553 3186 atoma-

194 3253 291 3316 *rum
311 3221 356 3298 ab
381 3231 544 3294 externa
571 3209 731 3320 altarum
763 3201 986 3316 mcurfione
1005 3205 1223 3308 suspendit,
1250 3205 1320 3286 nih
1343 3207 1452 3311 quod
1476 3209 1550 3288 illis

212 3304 1034 3425 quandoquedeclinanonemtnbuatac.
1089 3308 1227 3388 Conati
1243 3307 1329 3388 sunt
1349 3327 1477 3390 autem
1492 3310 1550 3390 in·
1668 3330 1671 3334 ·
1800 3395 1804 3402 ,

215 3418 388 3503 numeris
407 3407 684 3516 experimentis
695 3405 794 3483 hanc
811 3405 913 3517 suam
935 3405 984 3486 de
1003 3409 1140 3486 atomis
1157 3408 1382 3490 sententiam
1412 3411 1549 3490 stabili·

216 3549 290 3604 re:
319 3516 487 3598 infinitae
504 3506 792 3615 propemodum
811 3505 1020 3588 1nris1biles
1038 3525 1167 3606 partes
1186 3534 1235 3588 ex
1256 3508 1391 3590 odoris
1404 3535 1548 3613 corpo-

211 3625 323 3706 ribus
349 3617 536 3713 avolant,
573 3609 859 3722 odoratumque
885 3609 1092 3721 affieiuntr
1128 3609 1312 3710 plurimae
1339 3611 1548 3714 particulae

211 3747 356 3832 aqueae
374 3721 414 3800 in
433 3713 596 3794 humido
616 3723 730 3809 aere,
759 3709 940 3811 plummae
957 3733 999 3790 rn
1024 3711 1210 3791 calesadto
1229 3719 1320 3790 ae're
1339 3704 1545 3812 particulae

210 3830 313 3930 ignis
331 3819 692 3929 circumferuntur:
725 3809 1541 3918 plurimaetenuiffimaequeparticulaesan·
1578 3889 1586 3898 .

210 3928 341 4035 guinis
358 3920 512 4022 spiritus
531 3917 710 4026 ammales
730 3925 974 4028 componunt
992 3915 1066 3994 &a
1119 3915 1235 3993 Nulla
1253 3915 1393 4018 pariter
1413 3911 1542 3996 exho-

210 4055 300 4112 rum
320 4021 638 4122 Philosophorum
655 4018 845 4094 sententia
863 4015 916 4091 est
930 4013 1129 4114 generatio
1150 4034 1215 4096 aut
1235 4015 1440 4118 corruptio
1454 4019 1540 4114 sub·

209 4127 412 4212 stantialis,
438 4147 529 4200 cum
552 4117 735 4231 nihilnisr
754 4131 972 4195 atomorum
998 4117 1316 4218 coagmentatio,
1345 4131 1411 4198 aut
1428 4116 1539 4198 dillo-

211 4230 330 4328 -lutio,
354 4241 418 4308 aut
439 4222 683 4330 perturbatio
700 4219 741 4303 in
762 4239 894 4406 serigo
924 4217 1138 4304 variatione
1156 4235 1350 4303 recurrat.
1401 4215 1541 4322 Phthfhss.

909 4341 933 4406 2
1408 4329 1486 4427 plaia
