3782 4958
468 463 548 592 32o
962 485 1179 566 Sacrrorv'rs
1209 487 1266 570 11.
1343 499 1345 506 “

416 671 579 755 foveam
603 689 765 766 corpora
789 668 903 768 citius
927 669 1170 769 igniuntur,
1195 668 1433 752 &stannum
1467 699 1514 755 ae
1535 669 1751 774 plumbum
1858 767 1860 771 Ι

421 771 622 947 praecipue
645 767 747 869 ignis
770 771 1018 851 vehementia
1051 773 1095 854 in
1113 795 1224 853 auras
1247 772 1404 854 abeunt.
1490 772 1631 853 Omnia
1660 795 1752 870 pro-

420 897 537 996 pemo
568 892 636 950 um
666 895 831 970 corpora
855 873 1029 953 colorem
1052 875 1165 955 suum
1189 872 1232 952 in
1258 875 1335 952 hoc
1350 875 1442 976 igne
1469 877 1672 972 amittunt,
1693 869 1749 946 sre
1782 911 1785 918 ·

419 974 492 1078 apli
515 971 650 1054 ruhini
673 973 882 1052 orientales
897 973 1113 1078 spoliantur
1128 977 1262 1054 colore
1284 977 1357 1056 suo
1378 980 1421 1059 in
1438 993 1636 1074 momento
1651 987 1750 1052 tem·

419 1073 530 1180 poris.
552 1075 622 1154 &o
698 1074 849 1155 AEstivo
871 1075 1081 1178 tempore,
1111 1076 1328 1175 praesertim
1356 1081 1403 1156 ab
1428 1082 1525 1158 hora
1559 1075 1748 1156 matutina

419 1203 528 1261 nona
551 1173 678 1274 usque
708 1175 938 1290 adtertiam
969 1173 1303 1278 pomeridianam,
1339 1182 1391 1257 ob
1420 1179 1625 1261 radiorum
1653 1173 1751 1253 sola-

418 1281 527 1362 rium
550 1275 859 1380 vehementiam,
883 1279 1151 1376 experimenta
1172 1277 1357 1379 singulari
1373 1307 1467 1363 eum
1489 1275 1660 1360 succeliu
1677 1273 1747 1351 de·

419 1391 595 1463 currunt.
646 1386 735 1460 Hoc.
758 1391 890 1460 tamen
913 1382 1161 1460 observatum
1183 1381 1240 1460 est
1257 1380 1299 1463 in
1322 1383 1428 1466 lente
1445 1376 1649 1463 Farisrenli
1672 1377 1754 1472 Hali

410 1482 455 1560 'dr
480 1483 509 1558 l*
529 1481 624 1557 rhod.
650 1487 762 1580 Royal.
785 1493 892 1580 ηας.
918 1479 1198 1582 ingruentibus
1213 1481 1370 1563 summis
1388 1483 1584 1566 caloribus.
1596 1473 1758 1556 decres-

400 1603 514 1663 ·cere
537 1579 736 1680 paulisper
755 1583 901 1664 urendi
925 1583 1038 1682 vim3
1079 1582 1199 1688 idque
1233 1585 1338 1663 sorte
1367 1585 1418 1664 ob
1443 1583 1647 1662 minimam
1677 1601 1753 1656 un·

418 1680 659 1765 dulationem
676 1683 1025 1776 &rarefaflionem
1043 1685 1155 1765 aeris.
1308 1693 1312 1702 ’

249 1781 405 1865 Μῦν
518 1781 717 1886 Quoniam
743 1808 844 1866 vero.
867 1786 911 1866 in
932 1787 1006 1868 usu
1021 1787 1266 1888 speculorum
1285 1785 1543 1866 causticorum
1562 1785 1619 1864 sol
1636 1780 1750 1858 ornni

235 1887 402 1994 proland-
418 1898 618 1966 momento
632 1886 909 1990 progrediens,
929 1889 968 1966 dt
982 1913 1057 1988 per
1068 1889 1313 1990 consequens
1327 1885 1407 1966 soci
1424 1885 1612 1983 punitum
1628 1899 1751 1962 trans·

244 1989 295 2064 lus
329 2011 400 2058 11111-
413 1987 579 2086 ferens,
602 1986 765 2066 molesta
789 1988 1053 2087 experimenta
1078 1989 1237 2087 reddit3
1274 1989 1369 2068 hinc
1387 1987 1566 2065 machina
1589 1985 1634 2064 in
1659 1987 1751 2062 Mu·

232 2092 329 2192 fluis.
416 2090 496 2168 saeo
521 2085 893 2174 nesto-Academico
907 2087 1133 2191 allervatur,
1160 2093 1271 2192 cujus
1288 2113 1363 2190 ope
1379 2090 1576 2188 speculum
1594 2100 1749 2166 utrum·

246 2187 404 2266 rarior
442 2211 493 2269 ue
523 2193 596 2268 AB
621 2189 659 2268 dr
684 2191 760 2270 CD
787 2207 947 2272 curvam
967 2189 1178 2289 elliptieam
1202 2191 1396 2272 cumsole·
1413 2188 1658 2289 procedente
1677 2181 1747 2266 de?

242 2295 308 2392 lg.
330 2221 582 2390 rad-icrihit,
602 2293 644 2370 dr
667 2289 865 2392 objestum
883 2291 1163 2372 calcinandum
1190 2293 1234 2372 in
1258 2295 1352 2372 foco
1376 2295 1409 2372 E
1437 2291 1659 2371 constanter
1683 2307 1747 2362 re·

413 2391 522 2468 tinet
577 2395 629 2468 ln
649 2395 687 2472 E
703 2391 762 2472 est
787 2391 1075 2472 micrometrum
1086 2401 1112 2494 ,J'
1126 2393 1236 2474 omni
1256 2394 1380 2474 motui
1404 2386 1615 2471 idoneum.-
1640 2383 1745 2470 Lest

417 2489 575 2607 capsula
596 2489 761 2591 lignea,
779 2491 934 2672 [01111εᾶ
958 2489 1140 2608 undique
1159 2495 1284 2575 clausa
1294 2545 1311 2591 ,.
1331 2491 1433 2570 intra
1454 2493 1561 2596 quod
1582 2489 1743 2572 ‘horolo-

415 2611 526 2693 gium
550 2591 806 2694 continetur,
822 2619 900 2700 quo
945 2619 1054 2680 omni·
1070 2593 1224 2676 minuto
1239 2592 1414 2673 secundo
1436 2592 1560 2672 sonat.
1606 2589 1743 2701 Tabu-

415 2695 453 2774 la
483 2689 682 2794 horologii
711 2695 751 2772 G
773 2696 815 2773 in
840 2695 980 2796 majori
1004 2695 1165 2776 circulo¹
1179 2695 1328 2779 minuta
1356 2693 1509 2774 horaria
1537 2699 1677 2789 notit,
1701 2711 1747 2765 m

413 2795 562 2876 minori
587 2794 741 2876 circulo
762 2795 914 2877 minuta
942 2794 1141 2898 sectandae
1182 2795 1292 2878 horae
1317 2807 1505 2876 notantur
1525 2797 1570 2874 in
1593 2791 1746 2870 cirmlo
1842 2809 1844 2812 ·

414 2921 537 2981 aeneo
567 2899 651 2976 NN
677 2895 721 2978 in
741 2925 799 2998 24.
819 2897 1047 2978 distributae.
1086 2937 1088 2941 ·
1129 2895 1393 2997 Horologium
1417 2921 1491 2994 per
1515 2912 1619 2978 rotas.
1642 2915 1744 2970 com-

413 2998 657 3078 manicantes
667 3019 831 3079 movent
841 3013 961 3098 totam
977 2998 1221 3100 superiorem
1236 2997 1477 3096 machinam,
1497 3021 1570 3100 per
1585 2990 1741 3074 vedem
1877 3003 1878 3018 ¹

265 3171 272 3196 ,,
340 3178 344 3194 ,
411 3097 459 3200 ,in-
481 3098 725 3194 ferramento-
743 3103 787 3176 M
811 3097 1005 3179 defixum..
1050 3105 1135 3180 llll
1152 3101 1208 3180 est
1234 3099 1393 3178 cochlea
1416 3097 1592 3198 infinita,
1609 3096 1655 3174 vi
1674 3119 1741 3175 cu*

343 3223 353 3238 ·’
415 3199 474 3301 ius
499 3197 768 3282 semicirculus.
784 3203 883 3298 KK,
899 3199 938 3279 o
963 3221 1039 3297 per
1055 3202 1297 3302 consequens
1320 3198 1474 3298 lignum.
1498 3205 1579 3309 PQ
1606 3195 1741 3294 dirigi-

415 3311 484 3380 tur
506 3297 556 3378 ads
576 3301 840 3384 elevationem
864 3315 1151 3400 congruentem
1172 3306 1259 3404 ,R,
1274 3303 1327 3401 R,
1343 3305 1380 3380 R
1405 3302 1500 3382 sont
1523 3320 1651 3398 rotae,
1680 3300 1741 3380 su-

415 3427 485 3504 pra
518 3426 621 3506 quas:
650 3401 824 3482 nuchina
855 3400 1141 3509 provolvitur,
1185 3424 1228 3482 ac
1255 3402 1414 3482 tandem
1437 3429 1512 3502 per
1542 3401 1741 3484 vertebras

416 3509 512 3584 sss«
535 3501 743 3586 obtinetur·
754 3501 1241 3610 retlimdo-horizontalis,
1257 3521 1304 3584 ut
1316 3503 1468 3588 laelius
1486 3501 1740 3606 speculorum

358 3619 360 3622 ’
414 3603 586 3706 gravitas
603 3603 862 3712 sustineatur,
884 3603 1179 3706 adientium-est
1197 3604 1367 3688 fulcrum
1382 3605 1744 3710 ferreum-Romal

415 3707 461 3785 in
485 3705 640 3785 circulo
667 3709 708 3784 G
736 3731 810 3806 pro
835 3707 984 3812 ratione
1021 3711 1219 3790 motorum
1250 3707 1502 3810 speculorum
1536 3707 1741 3810 procedit,

414 3819 464 3887 ut·
488 3823 618 3887 autem
641 3819 768 3889 motus
794 3807 984 3890 reddatur
1003 3806 1183 3909 facilior,
1204 3810 1435 3912 appenditur
1466 3807 1654 3914 pondus,
1675 3810 1745 3887 ho-

418 3905 565 4006 rologii
591 3907 696 3986 vires
718 3905 918 4008 adjuvans.
1021 3930 1024 3935 ·
1069 3919 1071 3923 ’
1120 3945 1122 3950 ·
1363 3944 1364 3948 ¹

486 4101 494 4117 ‚
518 4009 560 4120 i·
585 4035 673 4112 371.
717 4011 865 4092 Praeter
886 4013 1105 4090 Dominum-
1125 4007 1179 4086 de
1204 4015 1440 4108 mlimlaulin
1464 4013 1561 4092 alter
1582 4009 1742 4118 quidam

418 4111 545 4219 eutitrt
570 4113 799 4214 Hirtsrcum,
820 4115 890 4214 qui
910 4115 1044 4191 lentes:
1060 4111 1247 4192 causticae.
1262 4117 1424 4214 majores
1450 4114 1595 4214 inligni
1609 4109 1736 4190 dexte·

416 4219 533 4290 nute-
552 4208 704 4310 polivit.
758 4219 886 4318 Wolffim
904 4222 994 4294 Tum.
1006 4215 1063 4296 112
1072 4231 1276 4316 operiantur.
1298 4217 1456 4299 testatur
1474 4219 1524 4300 ab
1549 4223 1738 4398 liarlrlm

1628 4339 1696 4399 ffi-
