3792 4958
476 503 557 585 244
986 481 1251 560 suerrours
1286 475 1318 558 1.
1375 493 1395 593 .'
1517 493 1529 508 ··

425 661 560 744 salsum
585 666 665 769 est,
690 663 795 768 quod
828 644 1042 766 pendulum
1067 662 1431 746 oscillationes.suas
1457 684 1526 764 per
1549 684 1656 746 arcus
1673 661 1742 740 oir-
1853 663 1863 780 3

428 767 577 846 culares
604 768 841 850 velociffime
872 766 1087 869 perficint3
1124 765 1343 869 pendulum
1359 765 1512 868 quippe
1540 769 1638 844 exG
1661 783 1742 864 per·
1861 783 1863 792 ’

427 866 513 946 ficit
534 871 645 952 suum
673 870 901 949 descensum
927 870 970 950 in
996 874 1029 951 C
1059 891 1106 950 eo
1132 885 1334 970 tempore,
1360 895 1438 969 quo
1464 893 1606 970 corpus
1633 889 1741 967 grave

425 971 807 1072 perpendiculariter
831 970 1017 1052 decidens
1042 968 1201 1070 duplum
1220 970 1373 1052 radium
1400 971 1504 1070 Ac,
1532 993 1670 1068 ntmpe
1693 981 1744 1046 to·

425 1081 508 1152 tum
532 1073 672 1155 circuli
694 1074 924 1154 diametrum
953 1085 1205 1175 percurreret
1232 1076 1302 1176 (p.
1327 1075 1473 1174 269.);
1507 1098 1599 1152 cum
1626 1087 1744 1148 tamen

425 1177 767 1277 tempuspenduli
794 1177 1002 1256 oscillantis
1036 1199 1084 1252 ex
1103 1177 1153 1256 D
1174 1175 1270 1260 inC
1298 1197 1370 1275 per
1390 1171 1610 1278 cycloidem
1639 1170 1687 1250 src
1712 1171 1746 1246 le
1863 1191 1864 1204 ¹

425 1275 585 1379 habeat,
610 1299 654 1360 ut
671 1281 713 1358 se
736 1279 855 1357 habet
878 1276 1196 1379 semiperipheria
1215 1281 1318 1358 MSC
1346 1273 1394 1359 ad
1420 1271 1654 1364 diametrum
1680 1267 1747 1352 cir·

426 1379 507 1458 culi
532 1379 721 1479 genitoris
752 1383 868 1482 Me„
895 1381 964 1460 seu
990 1380 1074 1458 sere
1099 1393 1143 1460 ut
1174 1407 1216 1462 H
1241 1376 1289 1458 ad
1307 1403 1344 1472 ,7.
1396 1381 1466 1479 (l.
1487 1404 1573 1480 257.
1596 1379 1747 1475 dumet.)

426 1484 478 1559 Ut
497 1497 624 1562 autem
644 1481 892 1582 horologium
923 1482 1201 1563 oscillator'ium
1228 1505 1338 1562 arcus
1362 1481 1599 1583 cycloidales
1616 1475 1748 1558 descri-
1864 1517 1865 1536 ι

425 1583 514 1683 bat,
539 1583 579 1660 id
606 1584 720 1664 facile
746 1585 996 1686 impetratur,
1024 1581 1118 1666 dum
1144 1606 1290 1686 nempe
1314 1577 1404 1664 duae
1430 1580 1601 1662 lamellae
1633 1579 1749 1684 chely·
1864 1611 1865 1628 Ν

427 1685 515 1764 beae
541 1687 681 1768 AD&
707 1691 783 1766 AF,
808 1685 859 1765 ita
884 1699 1096 1766 curvantur
1122 1712 1165 1766 ac
1186 1685 1506 1785 conjunguntur,
1531 1700 1577 1764 ut
1592 1697 1749 1784 utraque

426 1807 475 1864 ex
497 1806 607 1884 parte
623 1785 937 1892 seinicycloidem
960 1789 1158 1888 reserant,
1184 1790 1454 1889 cujusvertex
1470 1785 1511 1866 in
1528 1787 1570 1866 D
1591 1787 1679 1871 &E
1694 1805 1747 1874 re·

424 1887 617 1988 periatur,
645 1889 818 1992 dumque
838 1890 1082 1990 pendulum,
1108 1890 1151 1970 in
1167 1888 1312 1990 punllo
1340 1893 1380 1966 A
1397 1887 1630 1989 appensum,
1648 1886 1749 1966 alter-

424 2003 548 2070 utram
574 1991 616 2069 in
639 2009 786 2093 partem
805 1991 1044 2089 impellitur,
1069 1991 1122 2071 ita
1147 1989 1314 2070 lamellis
1339 1987 1693 2087 circumvolvetur,
1709 2000 1748 2064 ut
1865 2065 1867 2072 ,

422 2093 812 2274 forpgsspegdulum
827 2097 858 2170 Β
879 2091 1098 2199 cycloidem
1107 2094 1366 2174 evolventem
1386 2093 1499 2174 ECD
1515 2087 1749 2176 oscillatione

442 2219 492 2275 ua
545 2219 642 2274 ecrr
674 2211 718 2277 at.
1111 2250 1114 2260 ·
1516 2267 1520 2273 .

524 2300 555 2400 p.
583 2323 669 2402 294.
719 2293 846 2390 Aliud
864 2311 1056 2398 praeterea
1071 2292 1379 2378 oscillationibus
1400 2291 1682 2400 cycloidalibus¹
1697 2314 1749 2368 ac-

424 2397 556 2496 cedit,
594 2398 700 2500 quod
733 2421 876 2499 nempe
902 2397 1162 2478 oscillationes
1192 2421 1345 2478 omnes.
1365 2403 1517 2494 tctaepnn
1536 2395 1658 2494 ssim,
1690 2392 1751 2484 seu

423 2499 565 2598 aequali
592 2514 775 2602 tempore¹
795 2516 1050 2598 peragantur:
1086 2500 1130 2579 id
1147 2499 1223 2600 est,
1276 2497 1357 2580 uod
1379 2493 1749 2596 pendulum-eodem

253 2605 388 2708 lipead.
425 2601 587 2698 prorsus
612 2617 790 2700 tempore
817 2623 865 2678 ex
893 2605 929 2681 X
964 2603 1007 2681 in
1038 2529 1342 2702 C'descenlat‚
1374 2625 1455 2700 quo
1483 2623 1533 2676 ex
1561 2603 1601 2680 T
1623 2599 1665 2676 in
1687 2603 1746 2686 Ct

425 2704 614 2807 Etenim,
646 2703 705 2782 vis
729 2729 807 2807 qua
833 2703 1052 2802 pendulum
1085 2725 1202 2804 grave
1227 2717 1410 2782 movetur
1437 2723 1485 2780 ex
1512 2703 1549 2780 X
1574 2727 1617 2780 m
1643 2703 1674 2778 C
1699 2697 1750 2778 est

425 2805 583 2907 prorsus
603 2803 762 2908 eadem,
787 2833 830 2884 ac
855 2805 1019 2908 risina,
1046 2831 1123 2908 qua
1147 2827 1264 2906 grave
1291 2819 1472 2886 movetur
1498 2825 1546 2880 ex
1569 2807 1609 2884 T
1632 2801 1673 2880 in
1692 2804 1749 2880 C:

425 2902 493 2982 sed
511 2903 606 2989 dum
632 2931 752 3009 grave
781 2905 828 2985 ad
853 2907 1041 3016 punctum
1072 2905 1228 3010 aliquod
1257 2923 1439 2986 movetur
1461 2901 1634 3002 viribus,
1660 2923 1746 3080 311ae

413 3007 499 3091 ,smt
523 3007 713 3094 dist-antiis
737 3011 784 3088 ab
812 3009 951 3088 eodem
964 3007 1119 3112 puncto
1146 3005 1476 3111 proportionalem
1503 3003 1642 3085 idest:
1688 3023 1749 3082 um

423 3107 529 3186 vires
556 3112 733 3213 corporis
754 3111 958 3210 gravisex
985 3113 1131 3193 xinc
1156 3110 1370 3190 delabentis
1393 3131 1441 3186 eo
1466 3109 1632 3208 rnajores
1657 3107 1753 3198 lunt,

422 3235 540 3309 quam
558 3213 665 3291 vires
692 3213 866 3312 corporis
889 3211 1064 3312 ejusdem
1083 3236 1132 3291 ex
1148 3214 1295 3294 Tine
1316 3205 1555 3310 decidentis,
1580 3235 1661 3314 quo
1677 3230 1748 3282 ma·

277 3337 280 3346 ·
423 3311 487 3412 jor
513 3313 568 3393 est
594 3313 771 3395 distantia
792 3314 930 3414 pontu
956 3317 992 3396 X
1017 3343 1037 3393 a
1066 3315 1124 3410 C,
1158 3339 1274 3417 quam
1304 3307 1440 3415 puncti
1465 3315 1503 3390 T
1531 3317 1637 3410 aC;
1667 3331 1751 3388 con-

423 3411 549 3513 tinget
578 3415 732 3517 semper
761 3440 910 3518 grave,
930 3438 984 3493 ex
1007 3417 1142 3516 quavis
1164 3413 1394 3515 altitudine,
1419 3411 1609 3514 pontum
1631 3405 1751 3506 illud,

424 3517 564 3598 eodem
590 3518 775 3619 temporis
802 3521 950 3620 spatio:
986 3517 1108 3618 igitur
1131 3518 1274 3621 aequali
1298 3517 1460 3620 prorsus
1484 3529 1661 3616 tempore
1687 3509 1749 3626 de·

424 3619 592 3700 scendet.
644 3620 765 3728 Quod
791 3645 887 3700 vero
910 3617 970 3698 vis
993 3621 1166 3716 corporis
1192 3643 1240 3696 ex
1264 3621 1301 3698 x
1327 3619 1369 3698 in
1397 3623 1429 3700 C
1456 3617 1750 3711 descendente,
1858 3695 1861 3702 ,

425 3723 560 3801 eadem
581 3721 626 3803 fit
645 3743 733 3804 cum
753 3723 796 3802 vi
815 3719 1090 3800 descendentis
1117 3743 1164 3798 ex
1188 3724 1226 3799 T
1246 3720 1288 3796 in
1315 3723 1372 3820 C,
1399 3743 1447 3798 ex
1466 3743 1513 3800 eo
1535 3717 1748 3799 evincitur:

426 3821 556 3924 quod,
573 3849 664 3902 cum
678 3824 760 3926 vis,
775 3849 854 3928 qua
873 3847 1019 3924 corpus
1033 3823 1160 3923 agitur
1177 3819 1283 3901 retra
1300 3821 1406 3902 linea
1425 3847 1472 3904 ex
1491 3819 1572 3900 Sin
1591 3827 1646 3922 C,
1666 3845 1748 3922 pro-
1866 3849 1867 3854 ¹

426 3923 654 4024 portionalis
673 3923 718 4001 fit
733 3928 817 4028 illi,
839 3953 917 4028 qua
935 3949 1076 4026 corpus
1102 3923 1227 4022 agitur
1244 3948 1316 4024 per
1342 3923 1485 4012 lineam
1508 3922 1652 4002 renam
1676 3927 1747 4003 VC

424 4027 483 4127 (l.
507 4029 622 4126 269.)
649 4023 690 4102 id
709 4029 764 4108 est
783 4059 791 4106 :
818 4051 907 4108 cum
925 4026 1067 4106 eodem
1084 4038 1261 4142 tempore
1282 4049 1329 4106 ex
1347 4025 1496 4122 punctis
1517 4029 1540 4103 S
1558 4023 1654 4104 &V
1671 4047 1746 4104 mo·

424 4139 564 4204 veatur
582 4125 623 4203 in
641 4130 697 4226 (ἶ,
723 4157 803 4231 quo
828 4147 1012 4208 movetur
1039 4150 1086 4204 ex
1105 4129 1149 4204 M
1166 4153 1207 4206 rn
1227 4133 1260 4207 C
1278 4155 1289 4213 3
1324 4128 1552 4226 vis-autem,
1576 4151 1652 4226 qua
1669 4147 1744 4204 mo-

419 4245 537 4312 vetur
561 4225 779 4329 pendulum
801 4230 843 4309 in
861 4253 952 4310 arcu
970 4227 1174 4335 cycloidali
1202 4253 1249 4310 ex
1269 4229 1364 4314 Xin
1392 4235 1425 4313 C
1450 4225 1587 4312 eadem
1611 4225 1682 4406 sig,
1706 4250 1745 4308 ac

1612 4351 1625 4404 1
1659 4353 1698 4426 a,
