3878 4958
291 449 1337 630 ⁴Pirainciuolls.D'eMorurrtUiriv.arrirQiiiiaria.
1442 519 1491 602 93

159 775 164 780 .
206 701 342 787 rursus
361 693 462 777 aetio
477 685 660 788 corporis
679 683 718 762 X
739 683 784 762 sit
800 677 931 764 minor
954 679 1153 764 reaffione
1178 679 1359 788 corporis
1376 682 1435 784 Z,
1464 684 1539 764 erit

211 803 409 911 quidpiam
436 795 478 872 in
501 805 690 902 reagente
714 807 886 898 corpore
908 787 973 886 Z,
1013 783 1122 888 quod
1151 789 1293 870 nullam
1324 785 1538 885 oppositam

205 909 399 988 astionem
425 893 662 1004 corporisX
688 901 876 986 exclplat.·
923 892 1023 966 Haec
1050 884 1196 967 reattio
1223 895 1268 970 ab
1290 887 1430 966 inertia
1452 912 1540 966 cor·

206 1033 349 1114 poium
369 994 657 1105 proficiscitur,
692 1001 809 1091 atque
829 986 971 1066 eodem
995 987 1149 1070 instanti
1177 989 1422 1092 temporis&
1441 990 1539 1070 inci-

175 1133 183 1144 ’
206 1112 288 1210 pit,
308 1112 346 1188 da
372 1094 511 1184 desinit
533 1105 626 1171 cuni
648 1091 799 1172 astione
826 1089 985 1170 alterius
1010 1089 1205 1190 corporis.
1267 1092 1345 1172 Sed
1370 1115 1465 1172 mox
1489 1093 1540 1172 de

203 1227 318 1291 iiieiri'a
335 1222 472 1312 agetur
491 1197 637 1301 (d099)·
833 1291 840 1306 ι
1122 1291 1130 1308 1
1182 1289 1190 1307 ⁸

309 1321 347 1416 ς,
368 1333 434 1413 93.
467 1296 647 1403 Qus-est
680 1315 862 1394 corporis
888 1307 1154 1395 permanentia
1178 1317 1219 1373 m
1254 1291 1395 1374 eodem
1429 1297 1536 1376 loco.

207 1419 300 1502 Alia
324 1413 380 1492 est
398 1411 614 1515 permanentia
637 1399 803 1500 absoluta,
837 1417 932 1498 quae
959 1397 1014 1476 est
1034 1391 1215 1496 respeeu
1241 1395 1322 1476 loci
1347 1398 1538 1476 absoluti:

130 1571 132 1578 ·
207 1527 260 1624 (ς.
282 1521 346 1620 71)
366 1543 375 1592 ε
403 1506 473 1588 alia
489 1506 641 1595 nonina,
669 1521 765 1602 quae
783 1497 837 1575 est
854 1496 1034 1597 respectu
1051 1496 1130 1575 loci
1145 1495 1298 1576 relativi
1316 1525 1329 1600 3
1355 1499 1408 1580 sic
1425 1524 1537 1602 quae-

209 1623 295 1702 dam
314 1633 483 1714 corpora
507 1600 670 1680 relative
694 1599 926 1702 quiescunt,
953 1597 1129 1701 quamvis
1156 1598 1329 1679 absolute
1355 1626 1556 1682 moveant

206 1737 297 1822 tur,
323 1711 575 1799 velutihomo
593 1701 732 1781 sedens
748 1699 788 1778 in
807 1701 896 1780 navi
951 1724 1046 1804 quae
1062 1701 1158 1781 velis
1180 1700 1382 1804 remisque
1402 1703 1538 1805 impel-

205 1825 315 1906 litur.
366 1823 435 1896 An
451 1833 550 1890 vero
566 1823 736 1980 corpora
748 1801 875 1904 aliqua
907 1821 987 1905 int,
1017 1827 1110 1906 quae
1127 1803 1301 1882 absolute
1320 1804 1537 1906 quiescant,

204 1927 245 2007 id
263 1916 423 2002 definiri
440 1937 522 1994 non
542 1918 636 2010 pote
675 1927 767 2019 ,ex
785 1928 858 2003 e0,
885 1905 998 2006 quod
1024 1905 1131 2006 spatii
1158 1905 1383 1986 universalis
1408 1907 1538 2007 parles

207 2028 242 2106 &
260 2019 419 2105 termini
437 2033 572 2094 omnes
589 2003 726 2085 nostris
740 2003 910 2117 sensibus
934 2031 1015 2086 noii
1040 2009 1301 2089 observentur
1319 2033 1332 2110 ς
1359 2005 1536 2114 ideoque

206 2128 320 2208 etiam
343 2119 566 2202 nesciatur:
596 2131 644 2186 an
664 2105 822 2186 visibilia
844 2130 1014 2208 corpora
1033 2111 1185 2210 semper
1210 2109 1251 2188 in
1273 2109 1410 2190 iisdem
1427 2109 1535 2212 spatii

204 2229 381 2332 partibus
407 2223 673 2322 permaneant.
728 2207 903 2311 Quodsi
934 2227 1064 2290 tamen
1094 2210 1278 2314 quaedam
1305 2233 1474 2308 corpora
1495 2213 1535 2292 in

204 2329 345 2409 iisdem
371 2319 478 2422 spatii
503 2314 679 2418 parribus
709 2327 905 2410 perpetuo
927 2313 1248 2414 perseverarent,
1284 2339 1329 2394 ea
1352 2313 1431 2393 dici
1454 2339 1536 2394 non

203 2429 356 2534 pollent
381 2420 498 2522 magis
527 2412 739 2512 minusque
771 2411 978 2513 quiescere
1004 2438 1017 2514 3
1083 2413 1204 2521 Quod
1229 2415 1332 2495 enini
1360 2419 1534 2498 absolute

61 2593 65 2604 .
205 2526 392 2634 quiescit,
420 2521 549 2600 nullos
576 2511 721 2618 quietis
738 2512 852 2592 habet
869 2516 1040 2618 gradus:
1066 2516 1182 2596 Unde
1210 2533 1296 2622 quies
1320 2518 1415 2600 nihil
1434 2518 1532 2620 posi·
1560 2505 1564 2514 ⁴

202 2637 300 2714 tivae
318 2623 488 2707 entitatis
511 2619 696 2730 habere,
718 2613 875 2718 esseque
902 2616 998 2720 quid
1022 2643 1123 2720 pure
1148 2623 1397 2723 negativum,
1425 2645 1532 2699 neni-

60 2735 64 2740 ’
202 2759 253 2838 pe
268 2737 406 2839 privatio
424 2748 525 2804 morus
546 2719 780 2820 agnoscitur.

304 2835 341 2932 ς,
415 2886 424 2904 .
452 2829 545 2902 Noii
574 2816 1003 2928 desuerelhilosophi,
1031 2821 1099 2923 qui
1123 2845 1213 2901 cum
1240 2821 1532 2926 quiescentibus
1550 2829 1665 2906 laertia

202 2853 439 3037 corporidds
455 2937 565 3006 innita
587 2918 703 3033 inelle
721 2939 806 3023 vim
820 2914 1097 3019 adverterent,
1123 2922 1240 3020 ipsam
1262 2946 1427 3028 quoque
1445 2933 1532 3028 qnia·
1548 2931 1704 3038 tillinges.

201 3065 262 3118 ram
284 3032 470 3114 dixerunt
485 3022 560 3104 else
576 3017 776 3135 positivam
797 3037 1013 3136 corporum
1030 3021 1310 3124 proprietatem
1328 3053 1340 3128 3
1368 3047 1460 3103 cum
1478 3043 1531 3104 ta·
1548 3045 1703 3140 iurnqiii·

199 3161 290 3222 men
307 3145 422 3214 innita
437 3131 497 3210 vis
516 3121 667 3205 cuneis
685 3117 1015 3202 indiscriminatim
1032 3127 1293 3232 corporibus,
1313 3131 1382 3210 seu
1396 3129 1530 3228 motis,
1547 3155 1605 3214 en.

199 3243 270 3322 seu
289 3229 581 3342 quiescentibus
598 3235 816 3322 competat3
844 3248 926 3304 non
950 3224 1043 3304 item
1060 3238 1146 3336 quies
1163 3233 1211 3338 (q.
1224 3237 1305 3349 99).
1358 3229 1427 3311 Ad
1445 3255 1529 3309 eain

198 3339 425 3423 sententiam
444 3324 748 3434 persuadendam
763 3325 855 3440 usus
875 3325 929 3404 est
943 3335 1090 3430 cartellos
1104 3333 1258 3436 vulgari
1273 3337 1336 3414 illa
1352 3337 1531 3413 observa-

198 3447 334 3539 tione,
362 3434 470 3540 quod
491 3429 675 3512 nimirum
693 3451 803 3504 navis
824 3429 865 3504 in
882 3429 1078 3532 stagnante
1093 3433 1298 3534 quiescens
1318 3457 1354 3513 ae
1385 3457 1437 3512 ue
1454 3435 1530 3512 dis-

154 3567 161 3574 ·
197 3545 357 3625 ficulter
374 3536 421 3616 ad
441 3547 589 3612 motum
612 3528 857 3643 impellatur,
880 3553 928 3606 ac
954 3530 1045 3612 dum
1071 3555 1116 3610 ea
1140 3557 1191 3612 ex
1216 3551 1327 3614 motu
1353 3465 1522 3634 sistitur3

199 3672 281 3727 non
298 3641 531 3734 advertens,
555 3635 634 3712 vim
652 3631 753 3708 illam
781 3627 856 3708 esse
875 3631 1034 3733 quidem
1059 3634 1224 3734 adhoc,
1250 3657 1296 3716 ut
1318 3635 1523 3738 quiescens

199 3746 394 3848 navigium
413 3749 716 3842 promoveatur,
744 3731 1013 3834 necessariam,
1043 3737 1265 3815 nullatenus
1287 3754 1417 3830 tamen
1437 3760 1527 3836 pro·

197 3869 287 3952 pter
305 3847 480 3950 quietem
505 3837 778 3933 obnitentem,
812 3833 878 3912 sed
897 3839 947 3915 ob
973 3837 1123 3919 circum
1153 3836 1387 3921 ambientem
1411 3840 1528 3922 undi-

200 3977 280 4054 que
299 3971 463 4050 aquam,
484 3941 522 4020 dt
534 3937 796 4019 retinentem:
821 3933 900 4016 imo
916 3964 997 4040 quo
1020 3936 1257 4042 profundius
1284 3959 1442 4026 onerata
1458 3967 1525 4020 na-

200 4055 258 4132 vis
278 4051 472 4152 inaquam
496 4036 673 4121 demersa
696 4039 750 4117 est
778 4061 864 4138 prae
890 4063 1014 4122 vacua
1036 4038 1150 4140 navi,
1174 4064 1223 4118 eo
1250 4045 1365 4124 etiam
1385 4047 1522 4146 majori

199 4154 240 4236 vi
258 4156 312 4232 est
328 4173 451 4251 opus,
477 4145 580 4226 utin
601 4151 751 4220 motum
769 4141 999 4244 perveniat,
1028 4143 1078 4221 ob
1094 4139 1229 4240 plures
1247 4169 1388 4248 nempe
1404 4173 1522 4252 aquae

200 4271 345 4361 partes,
365 4250 509 4352 quibus
529 4240 1004 4424 navisclrcuiquunditiir,
1023 4245 1261 4332 obsistentes.
1313 4257 1414 4333 Haec
1427 4275 1527 4353 quo·

838 4365 860 4445 3
1396 4377 1476 4455 que
