3878 4958
319 509 559 592 ermeno
567 497 621 581 X.
640 495 976 590 DuMomtt'nre
986 497 1106 580 Corte.
1119 520 1174 580 rr
1186 503 1329 586 Iunrr.
1431 523 1496 614 -99

202 689 309 780 illico
326 717 445 800 aquae
461 699 689 790 contentae,
706 709 783 768 ceu
800 685 926 768 fluido
942 689 1103 790 corpori
1128 687 1371 792 abreptionis
1397 693 1543 794 imper·

202 796 268 881 tiri
285 811 437 876 motum
456 821 468 895 3
507 791 585 874 Ubi
611 805 740 869 tamen
758 789 997 892 abreptionis
1014 791 1315 874 continuatione
1332 793 1427 874 vasis
1457 817 1544 872 mo·

204 923 269 983 tus
289 923 406 1004 aquae
425 897 479 975 sic
492 890 756 994 imprimitur,
777 905 822 970 ut
840 893 985 996 aequali
1001 893 1204 976 celeritate
1219 923 1321 1001 aqua
1340 920 1432 976 cum
1451 901 1543 978 vase

199 999 511 1106 progrediatur,
547 1011 631 1076 tum
657 993 880 1096 irrepente
907 999 1159 1076 contineatur
1185 1015 1428 1079 commotum
1455 1025 1543 1102 vas,

199 1119 312 1207 petet
332 1125 434 1204 aqua
458 1111 634 1199 coeptum
658 1113 812 1174 motum
839 1094 1051 1198 persequi,
1079 1111 1199 1203 atque
1229 1101 1276 1180 ad
1300 1105 1421 1180 latera
1446 1101 1541 1180 vasis

199 1207 424 1310 assurgens,
443 1197 650 1280 relativum
678 1198 811 1278 locum
837 1198 1080 1278 contrarium
1130 1201 1246 1286 rimae
1278 1201 1542 1284 immutationi

200 1305 369 1392 tenebit.
420 1309 480 1384 Ita
497 1323 681 1418 quoque,
704 1298 774 1402 qui
791 1293 1047 1400 navigationis
1065 1227 1150 1380 udis
1166 1329 1248 1386 non
1264 1303 1542 1409 insueverant,

198 1434 284 1494 non
311 1407 495 1488 sustinent
516 1402 637 1502 laetus
660 1401 879 1483 turbulenti
905 1400 1054 1506 maris3
1081 1403 1357 1506 corripiuntur
1383 1409 1540 1509 nausea,

199 1509 373 1608 vomitu,
394 1501 631 1608 aegritudine
648 1521 670 1604 3·
682 1526 824 1602 nempe
842 1505 1022 1586 turbatur
1036 1508 1295 1588 vehementer
1316 1510 1542 1604 motussaqa

257 1611 347 1712 inis,
366 1609 451 1688 bilis
466 1620 791 1708 caeterorumque
816 1603 1026 1686 humorum
1054 1606 1096 1688 in
1119 1611 1375 1712 ventriculo,
1406 1610 1543 1696 &aliis

198 1711 369 1798 internis
392 1705 573 1791 ductibus
601 1719 907 1804 contentorum,
935 1709 1025 1789 sunt
1054 1731 1108 1788 ue
1137 1711 1285 1792 fluores
1311 1712 1369 1792 illi
1385 1713 1542 1794 volubi-

196 1819 305 1898 litate
322 1815 387 1894 sua
405 1809 682 1924 impatientes,
709 1806 823 1886 navis
832 1735 1107 1910 jauationi‘ius
1121 1813 1303 1908 obedire.
1358 1815 1423 1896 Sic
1443 1837 1545 1994 quo·

199 1945 280 2024 que
302 1919 344 2000 in
360 1921 640 2014 Copeinicano
661 1909 886 2015 systemate,
914 1909 943 1990 li
970 1927 1092 1990 terrae
1111 1933 1240 1994 motus
1257 1931 1425 2016 repente
1459 1917 1545 1996 iste·

196 2037 334 2136 retur,
352 2016 589 2198 {iderentur
615 2035 810 2116 corpora,
839 2008 970 2092 eidem
990 2039 1071 2098 non
1099 2017 1235 2118 affixa,
1264 2015 1547 2101 indiscrimina-

200 2135 271 2204 tim
290 2147 365 2200 avo
382 2143 462 2198 are.

298 2223 428 2326 Igitur
452 2219 723 2322 Peripateticis
752 2211 921 2300 concedi
949 2241 1032 2301 non
1059 2212 1178 2299 debet
1206 2245 1214 2296 :
1253 2219 1365 2324 quod
1390 2236 1545 2302 motum

196 2329 346 2428 eorpus
371 2323 505 2423 suapte
527 2336 663 2410 natura
690 2319 737 2402 ad
759 2319 933 2424 quietem
958 2319 1123 2423 tendat3
1151 2322 1251 2420 lapis
1278 2321 1452 2428 quippe,
1476 2325 1548 2402 lio·

197 2423 447 2508 rizonratiter
468 2423 694 2526 projeitus,
721 2439 916 2526 perpetuo
932 2419 985 2505 sic
1010 2439 1268 2521 moveretur,
1285 2425 1356 2506 nisr
1381 2422 1548 2531 gravita-

198 2545 240 2612 te
260 2527 326 2606 sua
341 2523 633 2629 deprimeretur
648 2543 794 2606 terram
811 2526 970 2626 versus,
1002 2525 1127 2606 &nisi
1147 2535 1213 2606 aer
1226 2525 1329 2610 illius
1345 2529 1472 2610 motui
1482 2553 1547 2609 re·

195 2631 345 2714 fisteret
362 2661 374 2730 3
400 2647 494 2734 quae
511 2626 606 2708 duae
625 2627 862 2734 potiffimum
878 2627 1009 2709 causae
1026 2625 1130 2728 sunt,
1151 2629 1260 2734 quod
1276 2651 1447 2734 corpora
1461 2655 1546 2709 mo·

196 2749 236 2814 ta
255 2733 413 2816 tandem
465 2731 663 2830 uiescant,
691 2728 781 2810 alias
838 2729 960 2830 uippe
982 2723 1213 2810 rectilinea
1236 2751 1434 2842 perpetuo
1462 2756 1544 2811 mo·

200 2853 395 2916 verentur
414 2760 462 2912 ad
475 2831 634 2910 ultimos
651 2828 791 2912 mundi
807 2759 909 2944 flues
930 2853 943 2927 3
987 2833 1085 2942 liam
1114 2829 1359 2911 curvilineus
1385 2835 1424 2912 dr
1446 2831 1546 2913 inae·

199 2933 368 3043 quibilis
397 2951 529 3014 motus
556 2933 711 3034 semper
737 2931 824 3010 sunt
840 2931 1042 3029 uiolenti,
1081 2943 1211 3016 motus
1241 2947 1353 3012 certe
1382 2933 1546 3014 curvili.

197 3065 299 3124 neus
317 3036 424 3142 globi
443 3039 513 3134 A,
530 3031 713 3113 funiculo
734 3029 927 3132 suspensi,
950 3027 988 3108 δι
1006 3027 1112 3112 circa
1127 3045 1306 3114 centrum
1324 3041 1355 3118 B
1379 3057 1546 3116 curren·
1561 3047 1637 3128 Tri,
1657 3057 1683 3131 ι,

196 3143 271 3245 tis,
288 3139 435 3241 duplici
455 3137 603 3216 constat
635 3133 927 3239 impetratque
950 3129 1172 3216 direiii'one
1191 3163 1204 3240 3
1242 3157 1291 3214 ex
1319 3141 1354 3220 C
1378 3141 1484 3222 retia
1501 3137 1545 3221 li·-
1560 3153 1620 3262 erg.
1643 3157 1693 3235 16.

120 3261 124 3268 “
196 3269 271 3330 nea
297 3247 530 3322 moveretur
548 3235 588 3316 iii
612 3237 653 3316 D
670 3249 836 3337 propter
863 3243 1009 3313 turritam
1028 3237 1132 3316 suam
1152 3241 1202 3342 (§.
1219 3241 1319 3344 98),
1348 3241 1545 3322 describe·

196 3363 343 3453 retque
361 3357 588 3444 tangentem
609 3339 706 3437 CD,
731 3335 802 3423 nisi
819 3365 841 3416 a
857 3331 1041 3420 funiculo
1071 3336 1250 3424 violente
1270 3339 1543 3440 cohiberetur,

198 3451 272 3558 qui
294 3446 454 3550 globum
477 3455 628 3520 amotu
656 3437 863 3519 restilineo
887 3439 1075 3541 retrahit,
1096 3459 1140 3521 ut
1163 3445 1216 3524 ita
1231 3444 1371 3550 globus
1389 3449 1430 3524 A
1455 3446 1545 3526 infi-

196 3555 295 3636 nitas
314 3545 533 3646 diagonales
550 3541 719 3620 absolvat
742 3541 788 3643 (s.
800 3543 933 3642 127),
970 3541 1036 3619 Est
1052 3541 1199 3648 quippe
1223 3541 1446 3650 peripheria
1465 3547 1544 3626 cir.

192 3655 277 3737 culi
293 3649 420 3750 figura
442 3643 644 3726 restilinea
664 3639 911 3721 infinitorum
929 3639 1094 3722 laterum
1114 3651 1254 3760 (ggpo
1276 3648 1427 3749 Germa.)
1448 3672 1544 3764 quae

194 3763 315 3841 latera
325 3771 416 3829 cum
428 3743 582 3825 infinite
592 3769 708 3862 parva
719 3741 806 3842 sint,
827 3757 946 3823 erunt
963 3745 1120 3846 prorsus
1132 3745 1361 3828 insensibilia
1378 3779 1389 3826 a
1405 3751 1544 3838 Trian-

199 3860 332 3965 gulum
357 3844 539 3953 prosette
566 3847 719 3928 circulo
747 3842 975 3945 inscriptum
1003 3849 1122 3928 latera
1152 3847 1267 3930 habet
1292 3849 1344 3929 ob
1370 3853 1545 3951 paucita.

197 3980 277 4044 tem
302 3957 406 4035 suam
429 3949 599 4030 maxime
619 3944 828 4045 sensibilia,
856 3961 1020 4048 atquea¹
1046 3949 1185 4029 circuli
1210 3951 1357 4035 ambitu
1374 3955 1542 4040 maxime

201 4056 373 4144 defletbt
395 4059 443 4158 (ς’.
458 4073 533 4153 277
548 4049 710 4148 Gcomrt.)
728 4043 858 4125 miritis
875 4046 1109 4150 quadratum
1130 4047 1451 4162 defleffit(§.279
1465 4071 1543 4141 σω.

196 4168 290 4264 mri.)
304 4159 495 4264 quadrato
516 4155 647 4233 minus
662 4164 1184 4265 pentagonum,peiitagorio
1201 4156 1544 4260 hexagonum,he-
1589 4192 1595 4205 ’

201 4287 356 4370 xagono
381 4257 650 4362 chiliogorium
669 4307 684 4356 ,
704 4249 773 4330 seu
796 4249 924 4430 srlgura
943 4279 1042 4340 iooo
1050 4257 1215 4338 laterum
1234 4257 1389 4342 circulo
1409 4259 1545 4436 irtiscri-

883 4377 910 4439 2
1401 4383 1428 4460 p
1444 4385 1464 4436 a
1481 4389 1491 4439 t
