3792 4958
254 473 1309 654 Pau-naemuKV.DanurnoaumAEqo1u1oa.
1374 541 1446 628 ¹9⁷

63 796 66 803 ,
255 708 285 809 l·
319 729 405 802 224.
431 707 492 787 Ex
519 705 629 784 allata
656 703 867 786 antliarum
897 703 1164 806 prementium
1192 707 1343 789 theoria
1368 705 1498 786 fluunt
1511 712 1602 813 Aqua
1610 707 1665 812 sa·

156 804 271 884 etiam
290 835 405 912 aquae
424 807 625 910 salientes,
651 829 746 910 quae
773 809 921 912 absque
945 808 1078 890 multis
1103 809 1323 912 sumptuum
1348 809 1626 911 imper-lienus.

155 904 231 984 diis
247 911 450 994 hortorum
469 936 575 990 areas
592 907 874 993 condecorant.
927 909 983 990 Sit
996 925 1135 1012 puteus
1151 917 1222 994 AB
1241 938 1254 1014 3
1282 913 1325 994 in
1346 910 1496 991 hocde-
1510 910 1669 989 utrm

156 1027 321 1110 ponatur
339 1019 454 1096 tubus
474 1016 550 1097 CD
579 1011 777 1112 agitationi
801 1012 949 1092 emboli
967 1017 1043 1096 VE
1069 1011 1259 1116 idoneus,
1285 1014 1433 1118 quique
1452 1013 1617 1122 iulum.
1767 1098 1769 1102 .

154 1115 338 1196 inferiori
356 1130 466 1218 parte
486 1117 681 1197 valvulam
706 1121 738 1196 F
767 1113 963 1196 contineat
984 1140 994 1192 a
1047 1114 1153 1197 Huic
1179 1119 1278 1200 tubo
1298 1120 1373 1206 OD
1392 1139 1498 1194 com·

154 1219 327 1297 municet
345 1221 442 1298 alter
461 1220 575 1299 tubus
593 1222 667 1298 GH
685 1271 700 1320 ,
726 1217 788 1299 eui
806 1219 921 1320 supra
944 1215 991 1296 ad
1019 1243 1062 1298 os
1079 1219 1185 1318 putei
1207 1219 1252 1298 fit
1268 1219 1499 1400 apsplicatum

1 1391 2 1396 t
155 1335 223 1397 va's
247 1326 283 1402 K
309 1317 492 1423 duarum,
508 1320 642 1420 trium,
664 1333 726 1399 aut
749 1319 921 1423 plurium
949 1343 1167 1403 urnarum:
1202 1323 1285 1404 inl
1326 1335 1354 1401 rt
1378 1319 1499 1398 altera

1 1455 2 1516 ς
154 1425 333 1523 valvula,
361 1441 475 1530 atque
493 1423 536 1502 in
553 1419 725 1524 ingrellu
742 1423 839 1504 vasis
855 1429 899 1504 M
918 1423 963 1504 lit
981 1421 1104 1502 tertia.
1156 1427 1218 1505 Ex
1234 1425 1309 1503 hoc
1326 1423 1500 1538 vaseper

1 1573 2 1594 r
49 1544 54 1558 ·
156 1525 454 1611 subterraneum
478 1523 636 1607 ductum
666 1525 921 1626 protendatur
943 1526 1059 1610 tubus
1081 1531 1178 1626 NO,
1204 1525 1252 1606 ad
1279 1523 1499 1608 distantram

157 1627 205 1732 6,
223 1653 271 1731 7,
296 1633 366 1712 vel
394 1660 441 1712 ιο
464 1650 677 1736 orgyarum
737 1627 806 1734 qui
833 1628 947 1710 tubus
971 1627 1013 1707 in
1036 1628 1238 1730 angullum
1256 1628 1441 1709 ¹foramen
1468 1625 1499 1704 P

146 1725 319 1810 desmat.
376 1731 509 1829 Jam'st
528 1753 603 1834 ope
621 1750 673 1806 ve
714 1731 746 1810 is
760 1733 824 1810 SR
833 1731 1011 1812 embolus
1021 1731 1064 1830 in
1080 1735 1122 1814 V
1138 1733 1214 1832 jam
1234 1731 1406 1813 elevatus
1422 1729 1500 1828 jam

158 1831 379 1948 suppressus
404 1831 549 1935 suerit,
574 1829 873 1947 promovebitur
897 1843 993 1937 aqua
1022 1855 1096 1936 per
1120 1835 1294 1914 valvulas
1318 1835 1375 1930 F,
1395 1833 1438 1929 I,
1454 1826 1500 1905 M

157 1957 201 2014 m
219 1961 287 2014 vas
302 1937 359 2038 K,
386 1944 623 2040 atremque,
649 1958 691 2014 rn
717 1933 808 2014 vase
825 1945 1084 2034 contentum,
1110 1931 1208 2015 adeo
1234 1931 1504 2034 constringet,

1 2042 2 2128 i
95 2118 98 2124 ,
158 2055 202 2120 ut
218 2037 285 2116 hic
298 2035 338 2118 vi
360 2035 512 2116 elaterii
534 2033 590 2116 sui
614 2057 750 2140 aquam
774 2059 823 2116 ex
840 2033 999 2118 orificio
1014 2040 1043 2120 Ρ
1061 2033 1109 2116 ad
1124 2036 1271 2142 aliquot
1287 2057 1499 2141 orgyarum

1 2169 2 2228 3
160 2137 404 2222 altitudinem
430 2139 653 2238 ejaculetur.
708 2139 746 2218 si
776 2165 842 2220 vas
868 2145 904 2223 K
928 2139 1102 2242 ligneum
1126 2137 1267 2238 suerit,
1291 2152 1334 2220 ut
1359 2161 1410 2216 ne
1424 2157 1502 2238 per

159 2239 280 2346 p‘oros
297 2241 394 2342 ligni
415 2249 482 2320 abr
502 2237 737 2341 compressus
758 2241 988 2348 transpiret,
1013 2235 1158 2348 juverit
1182 2243 1377 2330 internam
1403 2234 1509 2318 vasm'

159 2339 557 2448 superficiemcalida
575 2365 687 2442 cera,
713 2341 861 2424 oleo&
884 2347 1151 2430 terebinthina
1179 2341 1393 2436 commixtis
1408 2363 1502 2450 pror

165 2450 217 2525 be
237 2447 439 2546 oblinere,
465 2443 596 2550 sicque
623 2443 866 2527 obtinebitur
894 2447 1132 2534 desideratus
1150 2454 1192 2535 in
1212 2479 1312 2571 aqua
1336 2447 1500 2530 saliente

1 2659 2 2668 ,
83 2578 85 2582 ’
165 2543 332 2632 effettus
380 2543 480 2626 haud
496 2545 626 2648 secus,
652 2547 742 2626 a'csr
771 2573 866 2666 aqua
886 2571 933 2632 ex
954 2554 1087 2637 vicina
1102 2555 1309 2640 altitudme
1329 2553 1372 2632 in
1388 2573 1501 2658 aquae

164 2651 324 2734 duflum
338 2605 576 2756 ilydraulicis
594 2649 751 2753 legibus
765 2649 893 2735 surllet
915 2652 1098 2740 derivata
1150 2659 1345 2775 Denique
1361 2663 1498 2732 nnllam
1512 2651 1676 2735 Talffm
1740 2621 1743 2628 ‚

1 2735 2 2798 3
164 2779 322 2861 quoque
341 2776 631 2854 commemoro,
658 2778 736 2858 qua
753 2778 775 2831 e
793 2755 961 2856 navigiis
977 2785 1110 2865 aquam
1129 2773 1388 2840 extarmmant
1404 2781 1496 2834 nau·
1509 2764 1618 2866 Frgnp

1 2949 2 2954 Ν
162 2874 227 2938 tae.
279 2855 439 2938 Constat
460 2855 546 2934 haec
563 2853 717 2936 duobus
736 2855 904 2936 follibus
921 2859 1180 2964 hydraulicis,
1207 2860 1396 2941 coriaceis
1412 2855 1499 2938 A&

1 2968 2 2983 ¹
38 3009 41 3014 -
164 2967 220 3062 B,
272 2958 313 3038 ui
334 2979 408 3059 ope
431 2957 801 3062 manubriorum'G,
820 2967 880 3060 H,
908 2964 1012 3042 circa
1031 2955 1192 3045 'clavum
1220 2960 1501 3071 Xmobilium,>

166 2988 436 3174 clauduntur,
462 3057 753 3160 aperiunturve.
782 3061 998 3176 'Deprello
1028 3065 1237 3148 manubrio
1261 3069 1319 3166 G,
1346 3062 1500 3148 &inse-

76 3209 78 3214 ·
164 3166 272 3246 tiore
290 3161 396 3242 solus
411 3161 579 3241 tabulato
598 3165 655 3265 C,
672 3157 857 3267 pandatur
875 3166 982 3247 sollis
997 3180 1059 3273 A,
1086 3169 1126 3251 in
1145 3194 1260 3275 quem
1279 3192 1352 3273 per
1368 3165 1499 3247 valvu-

167 3268 240 3347 lam
257 3267 298 3346 D
311 3265 951 3367 athmosphaerapremensmultum
970 3299 990 3350 a
1017 3297 1081 3356 uae
1097 3273 1283 3377 propellit
1301 3299 1313 3372 3
1344 3267 1501 3375 depres-
1587 3275 1603 3346 ’.

169 3373 210 3452 so
227 3391 327 3450 vero
352 3367 428 3446 hoc
451 3367 659 3483 manubrio
689 3373 745 3474 G,
781 3371 966 3452 attollitur
988 3304 1152 3458 iiterum
1178 3373 1423 3458 manubrium
1441 3377 1503 3475 H,

165 3495 350 3556 unacum
371 3469 564 3550 inferiore
585 3471 691 3552 sollis
708 3479 738 3552 B
763 3473 931 3554 tabulato
946 3483 1007 3580 F,
1032 3480 1262 3585 occlusaque
1279 3476 1434 3558 valvula
1451 3477 1501 3572 E,

170 3577 344 3659 &altera
360 3573 516 3655 valvula
531 3577 568 3654 K
594 3573 799 3680 adaperta,
826 3603 920 3682 aqua
946 3607 1019 3682 per
1044 3583 1263 3664 intraneum
1288 3579 1424 3680 tubum
1440 3600 1501 3660 us·

169 3699 245 3782 que
261 3673 309 3754 ad
328 3679 520 3756 valvulam
547 3681 611 3779 M,
638 3677 902 3782 &supemum
923 3707 1013 3764 rece
1042 3688 1209 3768 taculum
1233 3689 1270 3766 N
1295 3701 1503 3786 promove·

168 3795 262 3882 tur3
291 3775 390 3861 adeo
416 3768 458 3860 tit
483 3781 762 3864 alternantibus
788 3783 995 3887 tuborum·
1026 3787 1335 3890 eprelsronibus,
1359 3786 1436 3889 jam
1452 3807 1503 3864 ex

169 3883 255 3984 IL,
279 3885 355 3984 jam
376 3909 424 3964 ex
447 3887 549 3981 KM,
575 3885 778 3986 largiffima
804 3914 899 3992 aqua
927 3888 969 3972 in
998 3891 1285 3994 receptaculum
1307 3891 1346 3975 N
1371 3889 1503 3972 ascen·

172 3981 258 4086 dat,
284 3999 397 4087 atque
414 3986 508 4070 inde
530 3989 572 4070 in
590 4011 696 4087 mare
712 3991 850 4070 effluat

277 4089 306 4190 l.
322 4113 407 4196 αις.
439 4103 537 4173 Terris·
546 4089 666 4201 generis
683 4093 801 4174 antlia
816 4091 1125 4198 hydraulicahoc
1142 4090 1313 4182 artificio
1324 4111 1479 4202 paratur
1491 4122 1500 4171 a
1513 4097 1680 4181 ratt'rtt
1832 4161 1836 4172 .

172 4193 222 4271 ln
239 4185 367 4284 [undo
389 4195 486 4277 vasis
511 4210 573 4276 aut
596 4195 777 4280 cisternae
801 4203 871 4280 AB
895 4200 1041 4286 infixus
1068 4203 1113 4282 fit
1139 4200 1292 4305 ligneus
1313 4227 1403 4308 pes,
1429 4223 1503 4278 ceu
1513 4211 1573 4308 lig.
1585 4227 1618 4306 5.

173 4289 469 4418 fundamentum
487 4303 552 4405 Z3
580 4300 623 4382 in
640 4301 715 4387 h'oc
733 4303 941 4512 firssngngur
964 4313 1149 4422 'utrinque
1174 4307 1251 4416 duc
1276 4301 1660 4515 Γιῐηὶἰιίἓῃῗὸ-κεΐξῖη
