3782 4958
464 501 537 602 378
883 493 1148 570 Secn1ou1s
1186 491 1254 570 .II.

415 677 588 768 τυγχάνειν
612 727 625 750 .
665 679 720 744 not
748 672 801 742 lm*
827 672 884 744 rosv
909 671 1003 744 dmm
1028 673 1176 752 αἰθητῶ
1199 669 1329 744 o'ot'urie
1350 674 1452 763 uo'yee.
1526 671 1741 768 ,Qumadmk
1871 731 1872 742 ,

277 796 279 800 ’
415 775 492 850 dum
511 782 590 850 onim
606 777 742 876 flagrum
757 781 801 847 n'n
823 798 947 848 carolem
962 783 1116 869 incunu,
1141 775 1243 848 dolore
1260 771 1382 876 quidem
1398 791 1521 848 carnem
1535 775 1653 868 officit,
1676 798 1741 847 non

415 897 520 952 tamen
536 879 571 974 ιβ
586 877 699 948 dolor:
752 878 789 944 Ee
805 875 1060 975 quemadmodum
1072 874 1154 948 ulus
1173 895 1229 948 our
1242 893 1348 969 potus,
1372 873 1529 974 uoluptate
1545 873 1639 968 officit
1657 897 1743 968 oum,

416 977 684 1176 ll‘lllll
699 971 1745 1174 llzll‘lllllll¹“t:tl5,“‘o‘'ltluuillelmi,

668 1123 685 1169 7
994 1119 997 1126 '
1271 1130 1281 1162 a

414 1179 547 1273 ficere,
572 1205 634 1251 non
657 1195 760 1248 uum
781 1195 876 1249 ettam
891 1175 942 1272 effi
963 1176 1062 1250 dulce.
1115 1175 1155 1254 In
1178 1177 1245 1250 dtu
1270 1195 1391 1274 quoque
1402 1167 1555 1270 srvfililus
1574 1171 1682 1247 eadem
1707 1173 1746 1269 ιβ

415 1297 508 1350 rouo.

247 1374 363 1470 specior
424 1369 427 1374 ’
516 1369 582 1452 nd
607 1373 678 1450 111.
713 1371 937 1452 Concilium
979 1368 1274 1450 constantiense
1307 1367 1503 1452 damnavit
1536 1365 1744 1448 secundam

246 1470 398 1548 uuctm'·
417 1472 593 1574 Wicleffi
618 1469 921 1572 propositionem
947 1465 1046 1552 safta
1071 1470 1262 1550 relatione
1286 1469 1334 1550 ad
1359 1489 1528 1552 mentem
1565 1469 1743 1560 Wicleffi

238 1566 335 1664 [luo.
418 1571 596 1652 docentis
622 1599 631 1650 ε
657 1569 941 1652 Eaacciclentia
958 1592 1054 1651 vere
1079 1569 1152 1647 elle
1177 1571 1218 1650 in
1243 1572 1413 1672 subjecto
1432 1571 1593 1671 proprio
1618 1573 1746 1650 inhae·

416 1675 512 1775 live,
529 1695 604 1754 nec
621 1694 759 1773 ponem
777 1673 815 1752 δι
839 1672 977 1754 vinum
999 1670 1108 1750 fuisse
1130 1671 1172 1749 in
1191 1672 1334 1754 Christi
1355 1697 1430 1752 cor
1456 1696 1502 1750 us
1524 1672 1745 1773 conversa;

417 1775 499 1876 ipse
515 1773 621 1855 enim
638 1773 846 1860 Wieleffus
862 1773 945 1880 (ait
964 1773 1024 1852 Cl.
1040 1775 1356 1875 Dagoumerus.)
1486 1771 1570 1850 inae
1588 1771 1747 1874 Peripa-

417 1873 548 1960 teticae
569 1871 717 1975 placitis
733 1874 902 1958 imbutus
924 1873 1122 1954 docebat:
1150 1884 1335 1954 l'nmonmr
1343 1878 1432 1976 sosio
1456 1875 1675 1975 consecramus
1690 1903 1744 1950 ac-

407 1981 600 2056 aeidcntiaeln
615 1978 699 2052 uach
770 1989 812 2056 io.
866 1985 973 2081 Quae
990 1973 1046 2058 est
1065 1975 1196 2074 major.
1213 1978 1274 2078 scd
1286 1979 1672 2052 accumulationem
1676 1979 1746 2072 ,sne

415 2080 562 2179 subjetio,
586 2097 727 2179 quaee
784 2075 927 2156 minor.
977 2093 1054 2178 Ergo
1069 2099 1230 2180 permonet
1252 2077 1332 2154 idem
1355 2076 1539 2170 sulieHoou,
1556 2093 1639 2174 puta
1657 2086 1743 2170 pane

418 2183 461 2268 ts
477 2189 598 2256 uinum.
649 2176 847 2256 Minorem
865 2173 1064 2256 damnavit
1081 2181 1115 2254 S.
1130 2172 1323 2280 Synodus,
1341 2173 1407 2252 sed
1427 2171 1565 2252 nonin
1588 2175 1627 2250 se
1644 2195 1742 2272 prae*

418 2277 497 2356 cise
516 2275 739 2377 spet'tatam,
765 2282 803 2382 δι
822 2276 1174 2378 independentera
1190 2275 1325 2372 majori
1342 2300 1414 2375 pro
1470 2271 1630 2367 fitione3
1656 2300 1745 2356 nam

418 2378 461 2454 in
482 2375 521 2452 se
539 2376 700 2473 speuata
716 2379 754 2454 llo
769 2375 1117 2478 independentera
1136 2375 1270 2479 majori
1289 2399 1414 2474 propo
1433 2373 1554 2454 itione
1570 2375 1744 2477 estquae·

419 2475 493 2554 stio
513 2497 622 2552 mere
647 2476 913 2578 philosophica
936 2506 948 2576 ς
995 2479 1124 2582 itaque
1147 2501 1230 2556 non
1252 2472 1370 2554 debet
1392 2473 1537 2577 respici
1562 2491 1742 2579 tanquam

420 2573 562 2674 dogma
588 2573 687 2656 lidei
715 2577 781 2656 illa
802 2579 1025 2678 sententia,
1058 2573 1164 2676 quod
1189 2575 1322 2657 omnia
1343 2577 1502 2674 prorsus
1524 2576 1742 2656 accidentia

419 2675 576 2781 Physica
593 2678 845 2781 &qualitates
861 2680 1058 2762 sensibiles
1077 2675 1150 2754 lint
1170 2675 1347 2755 entitatos
1362 2675 1618 2761 accidentales
1635 2677 1745 2776 abso-
1762 2749 1766 2752 .

420 2782 536 2879 lutae,
559 2805 583 2858 a
610 2779 783 2882 subjecto
806 2781 995 2866 inhaelive
1021 2775 1254 2880 separabiles
1274 2801 1286 2875 3
1328 2777 1406 2857 hoc
1428 2777 1573 2892 quippe
1597 2777 1744 2859 nullibi

421 2883 478 2962 est
513 2882 757 2984 expressum,
790 2899 903 2990 atque
927 2883 1026 2962 hanc
1051 2873 1350 2958 elucidationem
1384 2877 1557 2978 suggerit
1578 2881 1679 2958 SR.
1698 2883 1743 2958 f„

415 2980 637 3066 ¹Cardinalis
652 2985 689 3064 oz
704 2983 917 3085 Episcopus
935 2978 1222 3064 Cameracensis
1239 2979 1372 3058 Petrus
1396 2973 1447 3056 de
1471 2976 1648 3078 Alliaco,
1674 2977 1742 3082 qui

420 3078 524 3177 ipsus
542 3083 728 3159 Concilio
754 3080 1042 3176 Constantienfi
1067 3079 1268 3178 interluit3
1304 3077 1428 3158 imofi
1450 3077 1660 3164 Wicleffus
1677 3102 1744 3158 ne-

421 3171 533 3274 gallet
564 3176 778 3259 accidentia
807 3179 1061 3279 Peripatetico
1089 3201 1251 3260 manere
1279 3179 1363 3276 post
1391 3179 1746 3283 consecrationem,

299 3349 306 3366 ,
422 3271 587 3355 senfilset
610 3291 738 3358 tamen
760 3279 851 3358 alias
872 3273 1019 3380 species
1042 3280 1322 3381 aequivalentes
1345 3305 1366 3356 a
1396 3281 1487 3360 Deo
1513 3280 1745 3361 mirabiliter

419 3372 609 3493 produci,
631 3401 724 3481 quae
740 3379 869 3460 vicem
891 3381 1066 3482 priorum
1095 3379 1352 3460 accidentium
1373 3380 1483 3481 panis
1504 3379 1542 3459 elz
1565 3380 1654 3459 vini
1680 3405 1744 3481 ge-

418 3491 529 3578 rant,
553 3503 595 3558 1n
613 3503 756 3583 corpus
773 3483 810 3560 δε
827 3482 904 3578 san
951 3482 1056 3562 inem
1081 3481 1225 3572 Christi
1243 3479 1444 3581 conversi,
1469 3480 1555 3560 haec
1573 3482 1745 3582 proposi-

416 3585 474 3662 tio
497 3579 568 3660 seu
594 3591 702 3660 Minor
725 3581 866 3684 ntique
919 3599 1066 3664 amnata
1085 3609 1166 3664 non
1188 3579 1321 3664 fuisset
1373 3579 1605 3664 Accidentia
1620 3581 1745 3683 igitur

370 3727 375 3734 ·
418 3685 487 3762 seu
502 3682 648 3784 species
662 3679 849 3768 dicuntur
865 3709 1023 3766 manere
1041 3684 1126 3786 post
1144 3683 1480 3763 consecrationem
1491 3681 1625 3762 eadem
1644 3685 1745 3764 aesti-

420 3782 584 3885 mative,
608 3786 910 3889 aequiralenter,
935 3813 979 3866 ac
996 3785 1215 3884 moraliter,
1241 3807 1323 3862 non
1339 3805 1436 3864 vero
1450 3783 1610 3890 physice
1626 3786 1742 3865 &nu

417 3903 530 3958 mero
546 3884 679 3965 eodem
698 3905 883 3990 quatenus
898 3883 1050 3988 peram
1068 3882 1484 3965 transsubstantiatione
1501 3883 1575 3964 alia
1590 3883 1648 3962 eis
1664 3885 1744 3964 suc·

422 3977 568 4058 cedunt
586 3987 750 4066 omnino
769 3988 905 4066 similia
921 4013 1002 4066 non
1016 3979 1176 4086 quidem
1197 4009 1219 4060 a
1240 3983 1388 4064 virtute
1412 3985 1575 4067 naturali
1601 3985 1708 4092 aliqu

417 4099 511 4179 quae
535 4105 612 4160 non
639 4087 786 4184 exstat,
817 4087 883 4164 sed
911 4115 932 4162 a
957 4086 1103 4164 virtute
1131 4081 1430 4186 supernaturali,
1456 4113 1531 4189 qua
1556 4087 1672 4164 Deus
1695 4009 1742 4165 aii

419 4199 555 4262 earum
579 4181 794 4279 specierum
818 4183 1059 4266 sensibilium
1082 4179 1351 4267 formationem
1378 4189 1468 4291 post
1486 4183 1738 4270 consecratio

535 4323 538 4332 ·
1598 4307 1691 4368 nem
1874 4317 1876 4380 l

1871 4465 1876 4532 l
