3782 4958
420 378 520 532 *340
966 429 1183 506 Sacrroms
1216 423 1272 506 Π.

394 615 521 700 blime
545 607 701 698 elevata
739 622 899 688 atvero
926 607 1085 710 virgula
1111 615 1144 692 C
1173 609 1266 690 ideo
1294 608 1444 693 adnexa
1469 613 1526 698 est
1549 613 1668 713 tubo,
1692 621 1740 693 ut

394 716 575 793 servetur
594 707 764 790 dir-attio
784 709 1121 812 perpendicularis
1140 710 1322 818 pyroboli
1341 716 1599 818 ascendentis3
1625 716 1742 794 secus
1873 787 1874 790 a

383 813 507 894 -enim
537 823 681 891 mutato
703 829 845 892 centro
867 813 1061 914 gravitatis
1080 815 1192 895 brevi
1212 813 1352 918 fieret,
1377 836 1422 900 ut
1439 821 1649 900 conversus
1664 841 1738 921 py-

395 915 561 998 robolus
586 913 766 992 ¹foramen
791 924 831 996 A
855 915 1000 998 stusum
1028 932 1251 1018 convertat,
1276 919 1313 997 dt
1334 918 1364 998 Β
1385 919 1510 1022 infra,
1555 920 1635 998 ·s1c
1654 931 1740 999 nob

396 1018 550 1100 sursum
577 1011 645 1094 sed
671 1013 856 1100 deorsum
886 1020 1046 1100 volaret
1123 1023 1171 1098 In
1196 1022 1411 1102 summitate
1435 1029 1465 1101 B
1490 1050 1551 1102 ma
1580 1043 1742 1124 aquae·
1873 1117 1874 1122 Ν

397 1121 503 1222 piam
526 1141 574 1196 err
591 1115 796 1222 sulphure,
823 1119 930 1200 nitro
948 1124 987 1202 δι
1005 1122 1260 1225 carbonibus,
1279 1120 1587 1222 praedominante
1604 1141 1741 1204 tamen
1872 1129 1874 1190 4

398 1221 533 1321 nitro,
558 1219 600 1298 in
631 1221 838 1321 grolliores
861 1237 989 1324 partes
1011 1221 1175 1326 digesta,
1202 1243 1317 1328 atque
1341 1225 1384 1306 in
1406 1227 1555 1329 charta,
1573 1225 1657 1306 filis
1679 1222 1743 1302 di·

399 1320 621 1404 verfimode
648 1319 845 1426 obligata,
874 1323 1094 1424 delitescit,
1124 1351 1216 1430 quae
1234 1328 1441 1428 ‚absumpto
1470 1332 1545 1431 jam
1588 1341 1742 1408 eoetero

398 1425 584 1532 pyroboli
612 1423 803 1527 pulvere,
836 1428 986 1530 stuppae
1015 1429 1184 1510 subsidio
1210 1431 1393 1512 ultimum
1425 1427 1680 1532 accenditur,
1703 1430 1746 1508 dt

399 1526 525 1612 ueluti
545 1527 673 1607 stellas
690 1549 766 1630 per
783 1537 913 1614 a'e'rem
932 1528 1207 1631 jucundiffime
1232 1533 1453 1632 eiaculatur.

502 1637 592 1808 (pun
618 1629 742 1728 major
767 1631 944 1731 pulveris
969 1633 1073 1736 pyrii
1107 1635 1218 1738 copia
1246 1633 1356 1714 simul
1391 1633 1646 1734 accenditur,
1691 1657 1744 1714 eo

397 1731 519 1836 copio
538 1759 598 1812 tor
620 1739 689 1813 abr
703 1730 914 1817 raresatlus
938 1737 1277 1818 vehementiorem
1293 1735 1382 1816 'vim
1407 1736 1602 1816 elasticam
1627 1757 1744 1814 exer·

398 1843 492 1928 cett
544 1829 666 1942 Quod
689 1834 717 1915 li
743 1836 897 1938 sclopus
936 1861 982 1918 ea
1006 1840 1156 1920 ratione
1178 1853 1401 1940 oneretur,
1431 1853 1476 1918 ut
1502 1837 1645 1940 globus
1668 1837 1742 1916 im-

399 1935 528 2020 missus
554 1953 661 2018 retro
686 1937 868 2039 exiguam
893 1939 1122 2042 portionem
1155 1941 1354 2041 pulveris,
1389 1941 1611 2021 antrorsum
1637 1962 1742 2018 vero

398 2043 586 2141 maiorem
614 2040 772 2142 habeat,
795 2053 878 2123 tum
905 2041 1063 2144 globuS,
1088 2037 1239 2120 imbelli
1258 2044 1404 2121 robore
1422 2057 1607 2143 armatus,
1623 2040 1745 2122 etiarn

400 2143 523 2224 illaesa
547 2167 665 2223 manu
683 2137 731 2220 ad
745 2145 915 2244 portenti
935 2143 1225 2226 limilitudinern
1243 2144 1390 2247 poterit
1404 2145 1581 2246 attineri,
1606 2167 1745 2250 quam·

398 2247 460 2326 vis
486 2243 672 2328 maximus
698 2243 743 2324 stt
768 2245 942 2347 pulveris
962 2247 1229 2328 tumultuantis
1253 2247 1404 2348 srag0r3
1430 2247 1590 2328 Etenim
1608 2243 1745 2349 pulvis

396 2349 469 2428 ille
496 2345 648 2523 pprius,
673 2362 762 2426 ante
791 2348 954 2450 globum
982 2348 1126 2450 positus
1151 2350 1190 2428 dt
1215 2350 1421 2448 accensae,
1445 2351 1524 2430 vim
1544 2347 1653 2449 globi
1675 2372 1745 2426 ex-

400 2467 461 2531 tra
485 2447 657 2548 scopum
680 2452 949 2548 procurrentis
978 2451 1203 2532 elallicitate
1231 2451 1300 2531 sua
1335 2451 1596 2534 vehementer
1624 2449 1745 2528 infir-

399 2550 529 2632 mabit
563 2554 706 2652 Magna
731 2571 857 2633 autem
885 2555 1033 2634 cautela
1055 2553 1397 2652 experimentatori
1424 2553 1480 2634 est
1497 2579 1604 2654 opuc
1640 2555 1681 2632 Si
1694 2551 1743 2630 ad
1873 2583 1874 2586 ¹

402 2654 531 2758 ipsum
555 2653 673 2756 stlopi
702 2653 903 2735 orificium
928 2682 1070 2758 corpus
1092 2651 1251 2758 aliquod
1286 2655 1407 2736 veluti
1439 2655 1592 2756 lignum
1614 2653 1747 2757 appri-

397 2757 549 2858 mitur‚
577 2755 757 2860 exiguam
784 2757 930 2840 inseret
957 2759 1097 2858 globus
1128 2755 1302 2838 excullus
1325 2761 1507 2858 plagam,
1530 2773 1745 2862 propterea

400 2858 509 2964 quod
535 2867 602 2938 a'er
626 2861 727 2943 intra
751 2861 912 2960 globum
940 2861 1145 2962 &lignum
1174 2863 1409 2961 conclusus,
1436 2859 1534 2940 dum
1562 2859 1674 2939 exire
1698 2861 1745 2938 lia

399 2965 499 3042 bere
524 2961 777 3143 prohilpietur7
807 2961 1033 3043 elasticitate
1060 2961 1229 3042 suarim
1256 2963 1489 3064 pulveris&
1516 2961 1624 3064 globi
1643 2963 1748 3044 mula
1873 2993 1874 3000 ¹

399 3079 484 3148 tum
539 3087 596 3142 rae
624 3089 648 3144 e
678 3081 739 3144 rat.

169 3198 171 3211 ·
232 3177 271 3250 T.
285 3171 389 3269 illm
507 3091 576 3246 ill.
600 3090 666 3245 pSit
682 3192 804 3245 conus
818 3177 1018 3243 truncatus
1036 3185 1173 3246 aeneus
1189 3169 1354 3267 Auel),
1370 3161 1473 3246 infra
1489 3165 1530 3246 in
1549 3170 1619 3246 AB
1632 3178 1746 3268 aper*

229 3279 348 3382 ΕΗ.
406 3287 481 3371 tus,
497 3267 610 3367 supra
627 3269 669 3346 in
686 3271 760 3348 CD
783 3267 958 3366 clausus,
977 3288 1026 3344 ex
1046 3268 1236 3369 operculo
1258 3271 1334 3348 CD
1357 3269 1612 3368 protendatur
1627 3268 1747 3350 tubus

403 3371 594 3455 lamineus
611 3373 699 3469 EF,
715 3369 781 3450 cui
801 3368 1120 3452 afferruminatus
1138 3367 1181 3446 fit
1196 3369 1322 3458 cubus¹
1339 3395 1460 3450 cavus
1478 3376 1533 3470 (ῖς
1552 3371 1658 3450 lrunc
1677 3395 1746 3450 cu-

404 3479 499 3560 bum
521 3477 557 3554 G
578 3471 815 3573 pertranseat
837 3473 936 3552 alter
953 3471 1069 3554 tubus
1086 3475 1144 3552 HI
1172 3494 1261 3553 cum
1280 3497 1434 3556 annexo
1453 3497 1557 3551 cono
1580 3473 1746 3569 KLOX,

405 3583 458 3661 ita
474 3593 517 3658 ut
534 3571 736 3656 beneficio
761 3575 937 3656 cochleae
958 3579 994 3652 Η
1012 3573 1193 3654 converti
1219 3577 1331 3673 poffit
1356 3599 1478 3656 conus
1503 3577 1653 3657 KLOX
1677 3575 1746 3652 vel

402 3681 556 3765 sursum
574 3677 638 3758 vel
657 3675 863 3777 deorsum,
889 3675 972 3755 stne
992 3675 1072 3756 ulla
1091 3673 1191 3756 aeris
1207 3675 1431 3758 admiffione
1458 3675 1499 3757 in
1526 3677 1675 3756 cubum
1696 3680 1743 3754 G:

406 3787 541 3892 ltaque
561 3781 590 3860 fi
609 3793 804 3882 aperturae
825 3783 900 3863 ΟΧ
916 3779 1145 3880 applicatum
1163 3779 1281 3859 suerit
1296 3780 1459 3879 vitrum,
1476 3802 1553 3879 ope
1568 3779 1745 3878 interpo-

408 3883 492 3964 srtae
512 3908 617 3963 cerae
633 3887 736 3962 bene
753 3887 979 3981 cohaerens‚
1005 3903 1054 3959 ex
1074 3905 1176 3960 cono
1200 3895 1326 3962 autem
1348 3888 1434 3980 AB,
1452 3881 1566 3996 supra
1583 3883 1742 3962 lancem

409 3983 542 4068 antliae
564 3985 687 4084 rostro
703 3983 897 4064 extrastus
920 3982 1039 4064 suerit
1055 3991 1152 4073 aerg
1172 3981 1280 4062 illico
1303 3985 1390 4085 post
1408 3981 1609 4088 mflircum
1632 3985 1743 4064 exsu-

407 4087 512 4168 tlum
526 4097 669 4187 aerem,
684 4086 827 4164 vitrum
845 4083 887 4161 in
896 4090 974 4164 ΟΧ
989 4083 1218 4180 applicatum
1238 4085 1454 4187 frangetur,
1469 4111 1744 4190 quamcunque

409 4185 673 4269 directionem
687 4209 811 4266 conus
826 4187 974 4266 KLOX
986 4183 1177 4262 habuerit.
1204 4191 1264 4266 Ex
1280 4215 1359 4294 quo
1375 4189 1598 4294 certamin,
1611 4199 1743 4274 aerem

409 4290 452 4375 in
465 4315 628 4374 omnem
641 4299 793 4391 partem
809 4305 998 4366 exercere
1017 4285 1233 4370 elaterium
1605 4299 1697 4376 Ser·
1871 4263 1874 4350 l
