3878 4958
473 462 545 564 136
942 485 950 511 ·
1008 461 1222 540 Sacrroms
1246 461 1282 544 I.

420 643 578 726 eosdem
607 662 766 744 quoque
790 640 944 726 inaltus
969 658 1200 745 exerceret,
1236 645 1303 726 etfi
1332 641 1486 728 fruitus
1504 642 1566 724 illi
1586 645 1700 726 etiam
1725 647 1772 730 in

420 747 532 830 lunae
550 774 571 824 a
587 759 692 826 terra
711 741 896 838 distantia,
903 752 1168 846 ponerentur?
1196 746 1319 926 quod
1341 745 1482 828 sivero
1498 747 1635 828 itaesta
1663 777 1774 830 nun·

422 847 517 953 quid
536 845 596 926 vis
615 851 702 926 haec
722 847 880 946 prorsus
897 847 1109 930 consimilis¹
1123 849 1179 930 est
1204 847 1218 926 i
1237 851 1296 950 li,
1329 875 1407 950 qua
1431 850 1599 947 planetae
1628 851 1772 934 caeteri

423 955 465 1032 in
485 951 625 1051 solem,
652 947 690 1026 δι
709 947 929 1034 secundarii
947 951 998 1034 in.
1011 950 1336 1051 suosprimarim,
1365 951 1549 1042 satellites,
1561 976 1703 1050 nempe
1725 955 1784 1052 in,

423 1048 688 1137 Saturnum&
710 1064 853 1152 Jovem
875 1052 1063 1156 tendunt,
1090 1078 1283 1158 quamque
1301 1051 1380 1130 vim
1397 1050 1558 1156 insrgnis
1573 1055 1773 1136 Astrono·

423 1183 507 1238 mus
529 1161 678 1260 Kephms
705 1155 871 1256 repertis
896 1151 1056 1258 legibus.
1076 1155 1259 1238 definivit
1283 1158 1468 1255 majorem
1489 1159 1554 1236 vel
1572 1157 1775 1237 minorem

420 1260 629 1359 reciproce
648 1255 861 1336 secundum
880 1263 1024 1360 majora
1040 1261 1106 1340 vel
1125 1259 1276 1338 minora
1292 1255 1477 1360 quadrata
1488 1253 1775 1357 distantiarum,

425 1361 478 1440 ita
501 1373 545 1438 ut
571 1356 898 1471 quemadmodum
924 1385 1063 1458 corpus
1081 1361 1123 1440 in
1137 1361 1323 1476 exiguae
1346 1375 1451 1443 terra
1474 1358 1697 1462 distantia,
1719 1362 1776 1454 ita
1903 1381 1904 1390 ³

352 1503 354 1506 ·
425 1463 461 1540 dr
489 1459 532 1536 in
561 1455 737 1536 distantia
764 1459 872 1542 lunae
889 1484 936 1538 ex
963 1459 1105 1542 eodem
1132 1463 1329 1563 principio
1354 1462 1520 1542 tendere
1554 1463 1777 1544 interram

426 1559 578 1642 censeri
599 1557 772 1638 debeat?
1719 1565 1725 1574 '

461 1737 465 1744 .
528 1666 556 1762 t.
581 1665 663 1764 136.
690 1665 813 1740 Porro
828 1673 870 1739 ut
886 1661 1013 1744 solido
1028 1661 1283 1746 fundamento
1299 1663 1674 1762 argumentationem
1699 1660 1774 1742 niti

427 1761 616 1844 acunslis
634 1761 945 1866 intelligeretur,
972 1767 1139 1847 eaodem
1159 1765 1323 1846 omnino
1342 1764 1422 1844 vim
1441 1819 1456 1866 ,
1491 1787 1581 1868 quae
1599 1766 1777 1867 planetas

426 1865 565 1948 suisio
585 1863 722 1944 orbitis
737 1862 934 1969 retineat,
968 1870 1149 1968 gravibus
1159 1890 1324 1969 vquoque
1337 1949 1341 1963 ,
1353 1867 1585 1969 corporibus
1611 1867 1792 1948 descen.

427 1973 509 2049 sum
534 1968 576 2046 in
592 1981 735 2046 terram
754 1967 909 2068 largiri,
936 1968 1202 2049 Geometriam
1221 1967 1460 2052 existimabat
1480 1980 1637 2050 Neuroum
1657 1991 1776 2072 opor-

426 2085 511 2153 tere
529 2067 709 2148 advocari
728 2069 770 2146 in
788 2067 997 2150 subsidium
1020 2123 1034 2169 ,
1067 2096 1110 2148 ac
1130 2067 1303 2146 definire
1329 2068 1518 2170 spatium,
1552 2068 1662 2172 qumi
1686 2096 1775 2150 cor-

427 2199 497 2277 pus
513 2173 554 2250 in
572 2187 717 2252 terram
737 2166 943 2250 deciduum
963 2193 1034 2270 per
1050 2171 1237 2250 minutum
1255 2197 1290 2250 v.
1307 2193 1341 2269 g.
1359 2171 1556 2253 horarium
1577 2173 1775 2271 emetitur,

426 2289 689 2380 quantumque
708 2273 842 2352 rursus
859 2269 959 2350 illud
985 2273 1087 2352 soret
1112 2271 1294 2371 spatium,
1321 2270 1429 2374 quod
1449 2275 1612 2354 alterum
1633 2296 1776 2374 corpus

428 2382 470 2456 in
490 2375 669 2454 distantia
691 2377 830 2472 lunae,
865 2373 1000 2451 eadem
1025 2372 1210 2476 temporis
1234 2373 1560 2475 intercapedine,
1593 2373 1775 2457 cadendo

429 2482 473 2560 in
491 2492 636 2556 terram
655 2473 919 2554 describeret?
946 2479 1097 2558 Lunam
1118 2474 1317 2578 profesto,
1341 2500 1434 2580 quae
1458 2478 1646 2558 constanti
1666 2479 1774 2556 circa

430 2596 575 2662 terram
604 2578 720 2660 cursu
748 2576 1002 2677 revolvitur,
1047 2575 1288 2658 considerari
1315 2575 1620 2661 commodiffime
1646 2579 1774 2682 posse,

457 2678 598 2762 erinde
615 2693 733 2783 atque
746 2703 794 2757 ex
812 2677 960 2759 summo
977 2679 1184 2760 meridiani
1205 2679 1262 2762 sui
1278 2678 1427 2778 punem
1443 2683 1484 2762 in
1504 2695 1646 2760 terram
1667 2679 1775 2776 deci·

349 2787 351 2792 ’
429 2710 753 2886 ieret(§‚133.);
781 2793 825 2862 ut
843 2805 941 2860 vero
966 2782 1123 2881 spatium
1142 2785 1260 2883 hujus
1276 2781 1476 2884 delapsus,
1512 2780 1599 2864 dato
1625 2799 1775 2883 tempo·

428 2913 475 2968 re
495 2884 737 2986 absolutum,
764 2883 974 2964 certissimo
994 2886 1148 2964 calculo
1171 2883 1572 2986 deprehenderetur,
1608 2885 1774 2964 necessa-

428 2991 535 3070 rium
562 2988 722 3085 prorsus
751 2985 858 3086 else,
895 2983 1109 3064 distantiam
1130 2987 1238 3068 lunae
1255 3016 1273 3066 a
1291 2987 1404 3068 nobis
1420 3003 1598 3068 accurate
1627 3009 1775 3086 cogno·

429 3089 507 3188 sci,
534 3111 626 3268 itu?
645 3101 772 3166 tamen
791 3110 923 3199 neque
941 3087 1022 3185 ipsa
1038 3087 1279 3185 deprehendi
1299 3093 1463 3190 poterit,
1488 3089 1559 3170 nisi
1577 3085 1774 3190 graduum

430 3205 538 3270 terre
574 3211 677 3268 rrum
702 3189 975 3265 accuratrffima
1001 3190 1237 3285 praecelserit
1265 3191 1485 3291 dimensro,
1516 3215 1609 3374 {puae
1629 3187 1676 3267 ad
1703 3189 1773 3267 de·
1834 3265 1837 3272 .

431 3285 717 3372 terminandam
750 3289 861 3489 gome
889 3284 1126 3392 distantiam,
1146 3289 1398 3382 inerroneam
1433 3307 1617 3396 praeerat
1649 3291 1775 3372 sarem

473 3407 525 3488 .8
553 3401 638 3471 .Ήὲ
657 3422 754 3467 onum.
1365 3461 1367 3466 .

431 3401 471 3544 (i
528 3413 674 3594 imi.
707 3492 779 3572 His
809 3490 942 3592 itaque
978 3493 1115 3574 severe
1149 3493 1348 3597 perpensis
1377 3505 1533 3576 Nouimus
1566 3511 1772 3578 nautarum

431 3598 699 3686 Anulicorum
723 3618 837 3693 opem
861 3593 1115 3698 imploravit,
1155 3597 1224 3700 qui
1253 3595 1492 3678 latitudinem
1526 3599 1773 3694 terrestrium

435 3697 627 3799 graduum
645 3695 687 3779 in
707 3693 923 3777 meridiano
941 3701 1196 3799 metirentur3
1225 3705 1378 3782 Verum
1395 3701 1458 3802 hi,
1484 3725 1572 3790 cum
1587 3695 1775 3794 methodo

387 3853 389 3859 ι
436 3798 484 3878 ad
500 3801 607 3899 leges
627 3796 890 3880 Geometricas
907 3801 1037 3883 minus
1056 3802 1187 3882 exam
1204 3815 1438 3901 uterentur,
1454 3851 1456 3860 ι
1472 3801 1686 3898 infeliciter
1704 3821 1771 3878 ne

436 3902 586 4002 gotium
605 3898 824 4002 gesserunt,
849 3905 1150 4008 retuleruntque
1168 3915 1347 3996 Neutrum
1360 3903 1542 4000 arimin,
1550 3901 1772 4004 meridiano

437 4001 578 4105 gradus
596 4001 838 4084 latitudinem
862 4012 921 4085 60.
936 4009 1106 4106 Anglica
1130 4004 1338 4106 milliaria,
1372 4009 1441 4088 seu
1461 4033 1519 4096 20.
1537 4009 1669 4085 leucas
1687 3999 1773 4084 Gal-

437 4104 780 4208 licascomplelli,
815 4131 904 4184 cum
930 4127 989 4202 25.
1019 4109 1149 4190 leucas
1177 4107 1514 4198 Gallicasaescrre
1545 4104 1771 4204 debuissent

434 4207 550 4290 vidit
568 4221 724 4290 Neutrum
746 4210 844 4300 hauc
859 4207 1103 4294 latitudinem
1120 4208 1314 4309 meduana
1332 4209 1406 4290 esse
1421 4209 1640 4315 rainonem>
1655 4227 1769 4390 ‘Iluam

1678 4337 1719 4392 u·
