3782 4958
403 555 406 562 ι
480 475 555 610 gro
741 499 749 512 ’
985 475 1200 584 Suessoms
1225 491 1280 586 II.

414 689 575 780 'rimunl
594 685 650 767 est
666 683 883 766 instituenti
903 685 1171 794 experimenta
1196 679 1282 770 etim
1309 657 1557 792 Phosphoro,
1583 713 1634 766 ne
1650 687 1770 790 illum

436 817 484 872 ex
500 785 824 904 aquapextrailum
843 785 989 868 diutius
1002 804 1065 868 aut
1083 784 1286 894 scriptioni
1302 803 1367 872 aut
1385 793 1492 871 alteri
1515 789 1666 870 cuidam
1677 790 1770 870 usui

409 941 422 1001 .·
435 893 623 996 applicet,
644 876 716 990 sed
734 889 818 988 post
836 915 998 1005 ⁸paucam
1019 917 1164 998 moram
1191 893 1329 992 iterum
1356 891 1550 994 inaquam
1575 907 1769 994 reponat3

433 999 577 1077 iterum
605 989 975 1090 extrahat,1terum
1001 1015 1045 1069 re
1074 1013 1172 1075 unat.
1226 985 1470 1094 Phosphdrus
1497 995 1550 1072 fic
1570 993 1768 1088 solvitur:

431 1125 478 1194 u.
495 1103 642 1195 partem
662 1119 692 1173 1.
712 1091 926 1195 Phosphori
949 1021 1070 1172 sotios
1078 1149 1091 1194 ,
1116 1117 1229 1199 quam
1246 1107 1331 1173 tere
1348 1093 1390 1188 in
1414 1097 1564 1187 ¹coneha
1590 1093 1771 1196 lapidea,

437 1199 538 1282 adde
558 1221 628 1278 100
655 1209 782 1294 panes
795 1193 885 1273 olei·
903 1219 969 1274 car
984 1197 1254 1299 'ophillorum,
1279 1191 1378 1276 hanc
1399 1195 1603 1278 'mixturam
1629 1193 1771 1297 digere

416 1305 479 1396 ‚in
504 1303 593 1381 loco
615 1293 765 1396 calido,
790 1295 875 1396 post
898 1293 939 1374 'di
969 1295 1119 1396 olutum
1146 1297 1413 1405 Phosphorum
1439 1299 1572 1380 oleum
1597 1297 1773 1397 lucebit,

436 1405 610 1498 &omne
626 1393 748 1498 ilhrd,
772 1395 879 1499 (ruod
895 1397 988 1478 oleo
1006 1397 1077 1478 illo
1093 1401 1215 1500 suerit
1229 1397 1431 1500 imbutum,
1700 1405 1710 1415 '

268 1499 422 1576 rabulum
538 1507 569 1602 p.
591 1507 675 1600 360.
700 1505 882 1600 Verum,
905 1513 948 1579 ut
965 1497 1089 1600 ignis,
1115 1501 1234 1578 semel
1261 1501 1474 1603 excitatus,
1494 1502 1770 1599 conservetur,

258 1613 351 1707 ignis.
412 1605 580 1714 pabulo
588 1602 695 1784 I{gnis
711 1601 766 1682 est
784 1625 891 1706 opus.
942 1601 1186 1705 Nutrimenta
1202 1597 1440 1700 ejuscemodi
1458 1619 1693 1710 repetuntur
1702 1605 1772 1708 pia·-
1861 1613 1867 1624 “

411 1709 489 1802 ’spo
510 1736 529 1785 a
547 1703 586 1786 so
619 1703 762 1804 ilibus,
786 1703 909 1804 velutt
928 1701 1129 1804 'sulphure
1156 1703 1379 1804 communi,
1407 1707 1563 1805 naphta,
1590 1706 1683 1786 oleo
1701 1726 1770 1802 pe-

434 1827 531 1911 trae,
557 1803 741 1916 sucpino,
774 1805 944 1885 carbone
961 1803 1076 1914 f‘ffli
1099 1808 1169 1888 dte.
1196 1817 1288 1908 quae
1314 1819 1443 1883 tamen
1466 1808 1595 1885 omnia
1610 1803 1772 1883 incensa

411 1910 631 2016 'gravibus'
645 1908 722 1990 suis
748 1905 1058 1991 exhalationibus
1079 1905 1180 2007 haud
1209 1904 1400 1986 modicam
1427 1905 1644 1990 valetudini
1669 1905 1772 1984 inse·

411 2015 533 2096 'runt
555 2004 752 2130 {asturam
805 2009 943 2085 Secunda
969 2005 1018 2086 'ex
1042 2009 1312 2108 vegetantibus
1336 2007 1520 2108 pabulum
1545 2010 1649 2111 ignis
1680 2008 1773 2086 sunt

436 2117 650 2213 stramma,
676 2113 780 2214 ligna
803 2107 950 2189 diverfi
980 2112 1162 2214 generis,
1187 2111 1313 2189 oleae
1345 2109 1508 2208 diversis
1540 2111 1771 2210 arboribus,

413 2211 732 2316 amiradibus,
757 2211 878 2293 veluti
897 2205 1129 2317 amygdalis3
1156 2209 1321 2294 nucibus
1342 2210 1609 2314 &csexprella
1659 2221 1771 2294 Tmio

438 2319 595 2398 demum
614 2338 661 2396 ex
677 2313 929 2412 animalibus,
952 2331 994 2393 ut
1024 2339 1137 2416 cera,
1164 2314 1356 2419 bombyx,
1382 2311 1538 2414 sebum,
1565 2315 1683 2417 lana,
1706 2335 1771 2389 ex·

436 2431 634 2519 crementa
648 2413 860 2520 putresasla
877 2413 914 2493 dt
931 2411 1066 2494 siccata
1081 2441 1095 2517 3
1123 2439 1201 2519 quo
1218 2413 1321 2516 ignis
1335 2414 1482 2519 pabulo
1504 2429 1667 2498 utuntur
1685 2411 1772 2492 illae

408 2523 413 2532 '
437 2523 645 2622 regiones,
670 2541 760 2622 quae
784 2514 889 2596 silvis
913 2513 1189 2622 lignorumque
1214 2517 1324 2618 copia
1347 2513 1617 2599 destituuntur.
1672 2521 1771 2602 eot-

410 2635 413 2644 ’
436 2649 558 2726 pora,
583 2645 677 2728 quae
703 2617 842 2699 oleosrs
869 2613 1131 2726 destituuntur
1151 2619 1343 2720 partibus,
1368 2633 1410 2698 ut
1429 2618 1485 2700 est
1502 2645 1595 2723 aqua
1609 2619 1677 2696 vel
1701 2623 1767 2694 aer

388 2724 394 2763 ³
411 2723 665 2806 ”inflammari
677 2747 756 2804 non
773 2718 923 2823 possunt
939 2743 951 2818 3
978 2719 1056 2801 imo
1074 2744 1148 2800 nec
1174 2719 1338 2801 scintilla
1354 2721 1491 2822 ignea,
1516 2719 1559 2798 in
1576 2741 1686 2798 cerae
1703 2719 1772 2795 cu-

433 2829 582 2910 mulum
602 2825 778 2928 delapsa,
804 2847 893 2902 eum
921 2821 1204 2924 inflammabit,
1249 2820 1462 2902 nonenim
1495 2823 1610 2916 habet
1647 2826 1771 2898 tantas

409 2931 562 3030 siret,
586 2943 629 3010 ut
659 2923 931 3026 delitescentes
963 2922 1005 3000 in
1040 2923 1177 3022 majori
1222 2945 1327 3004 cerae
1361 2923 1524 3004 cumulo
1557 2919 1770 3024 particulas

410 3031 590 3131 'igneas,
613 3027 739 3133 indito
766 3041 901 3124 motu,
926 3025 1037 3138 possit
1058 3023 1263 3104 eliberare.
1325 3025 1513 3128 Denique
1538 3051 1619 3128 quo
1648 3025 1767 3124 pabo·

409 3133 418 3142 '
435 3133 516 3214 lum
533 3131 763 3246 purius'est,
788 3127 901 3206 &ma
930 3149 963 3200 rs
977 3125 1285 3228 homogeneum,
1312 3151 1364 3206 eo·
1382 3127 1583 3228 puriores
1603 3153 1659 3204 eo
1673 3151 1767 3206 ton-

412 3231 559 3332 'surge
578 3235 758 3330 hamma3
787 3250 876 3334 quae
893 3149 1045 3325 semper
1070 3227 1113 3306 in
1139 3254 1279 3308 conum
1302 3226 1445 3310 desmit
1464 3233 1517 3306 ob
1533 3229 1764 3308 incumben-

436 3351 515 3428 tem
535 3336 706 3414 omnies
727 3343 834 3434 parte
855 3337 1007 3432 aerem,
1033 3328 1217 3430 specifice
1242 3330 1461 3430 graviorem
1487 3361 1498 3410 z
1524 3329 1687 3407 inferne
1705 3356 1765 3408 au·¹

409 3439 414 3447 '
435 3453 540 3538 tem,
565 3437 632 3518 ubi
657 3437 807 3514 flamma
830 3431 976 3532 pabulo
994 3428 1193 3532 adhaeret,
1219 3427 1457 3532 copiosiores
1473 3456 1495 3510 e
1514 3431 1659 3532 pabulo
1680 3453 1764 3532 par·

434 3539 571 3621 cicutae
589 3537 693 3640 ignis
708 3537 972 3634 eliberantur,
998 3558 1091 3640 quae
1110 3535 1184 3614 suo*
1200 3531 1419 3614 inaseensu
1440 3529 1722 3636 deperduntur.

259 3645 421 3752 pattoni
537 3642 667 3744 5361.
695 3636 812 3718 Assio
827 3635 949 3736 ieniS,
974 3659 1048 3736 qua
1063 3635 1249 3733 pabulum
1266 3635 1479 3738 consumit,
1505 3649 1671 3716 vocatur
1681 3665 1760 3713 cano

260 3751 363 3851 lustin
385 3823 390 3834 ,
433 3743 556 3839 bulliog
579 3763 667 3822 eum
687 3736 948 3840 nempeigni's
964 3733 1145 3813 minimas
1159 3735 1291 3834 pabuli
1310 3751 1435 3828 nattes
1461 3753 1703 3840 commovet,
1726 3737 1764 3816 dl

412 3845 608 3954 ‘eousque
633 3839 825 3940 exagitat,
856 3855 902 3917 ut
923 3834 1076 3913 tandem
1103 3835 1278 3916 minimae
1307 3837 1388 3918 illae
1415 3857 1541 3939 partes
1565 3865 1645 3920 una
1673 3858 1762 3920 cum

415 3953 421 3962 '‘
435 3941 562 4042 igneis
583 3941 782 4043 particulis
793 3935 1148 4020 adhaerescentibus
1163 3935 1418 4037 dispellantur
1435 3971 1444 4020 :
1470 3941 1540 4022 ubi
1554 3966 1654 4022 vero
1664 3939 1765 4040 ignis

413 4043 680 4123 'vehementia
705 4039 876 4140 delicit,
903 4039 1109 4124 fabuntur,
1133 4044 1258 4139 parte's
1282 4043 1456 4142 corporis
1479 4043 1765 4123 combustibilis

417 4141 519 4232 ''sme
536 4147 686 4224 flamma
701 4143 743 4222 in
761 4141 929 4230 fluidum
949 4141 1120 4240 sumum,
1146 4141 1211 4245 qui
1239 4145 1371 4240 rursus
1421 4147 1504 4225 ollit
1519 4136 1623 4246 ignis
1641 4143 1764 4225 acces·

433 4241 545 4358 fiune
573 4241 816 4335 inflammatis
868 4235 1049 4340 umntta
1073 4236 1119 4322 srt
1139 4265 1280 4332 recens
1304 4271 1374 4332 can
1406 4249 1488 4352 ele,
1514 4243 1604 4360 quae
1618 4245 1761 4430 adhue-

1646 4376 1714 4436 lull
