3878 4958
480 503 561 586 135
806 477 817 486 ”
1012 489 1227 566 Sscrrours
1253 487 1288 568 l.

539 663 569 768 i.
584 691 666 772 130.
693 659 901 786 Arceffere
923 690 1033 752 nunc
1052 671 1245 771 gravitatis
1268 665 1504 788 -lrujus,ceu
1532 675 1765 756 universalis

433 793 650 867 corporum
668 783 937 875 proprretatrs,
964 777 1113 854 causam
1135 776 1190 855 est
1207 801 1315 878 opus
1366 777 1488 857 Mrffis
1506 777 1764 860 aliorumsee·

433 871 589 974 tentiis,
612 899 709 976 quas
722 872 827 961 infra
845 879 996 980 (imp)
1012 875 1194 980 rejiciam.
1248 879 1303 958 Sit

831 1031 1379 1155 rnorosimo.

319 1173 422 1273 Catuli
437 1179 641 1312 GRuvitas
661 1231 690 1278 ,-
704 1205 769 1281 qua
791 1206 879 1256 amnt
898 1205 1004 1285 corpus
1029 1183 1183 1268 domtur,
1207 1180 1245 1255 at
1272 1181 1455 1257 sacratione
1482 1181 1571 1259 ducta
1597 1187 1769 1280 trigiam

280 1287 423 1386 grauita-
531 1281 627 1386 idque
651 1281 823 1382 [tandm
845 1283 1072 1360 inclinatiorem
1100 1283 1412 1382 perpendicularem:
1450 1289 1519 1360 brat
1546 1279 1771 1379 Centroinycae

285 1405 335 1460 m·
435 1383 815 1583 pimppngopplppplpp
832 1475 1018 1560 constitui
1029 1491 1172 1584 gravitas
1190 1479 1347 1559 interim
1365 1481 1505 1584 debet,
1528 1478 1638 1586 quod
1648 1479 1771 1558 omnia
1888 1491 1889 1496 ‘

443 1585 517 1667 bus
530 1581 695 1665 omnino
714 1579 947 1686 corporibus
964 1580 1167 1683 competit,
1191 1581 1228 1660 lia
1248 1607 1320 1686 per
1363 1582 1442 1665 uod
1459 1583 1653 1688 gravitatis
1669 1584 1773 1694 phae-

442 1709 614 1774 nomena
628 1683 786 1767 felicius
800 1683 1072 1784 explicantur3
1107 1681 1213 1786 atqui
1238 1609 1411 1766 aornim
1438 1711 1512 1768 ceu
1542 1684 1771 1768 universalis

443 1789 661 1895 proprietas
675 1788 782 1868 omni
799 1785 947 1890 cuique
964 1783 1117 1886 corpori
1137 1787 1323 1866 convenit
1341 1791 1392 1890 (i.
1408 1792 1532 1892 109),
1546 1787 1772 1889 &perhanc

434 1889 644 1996 gravitab‘s
667 1888 926 1992 phaenomena
943 1911 1059 1992 quam
1085 1887 1405 1989 licetplanillime
1432 1887 1717 1990 expediuntur,
1732 1899 1774 1968 ut
1889 1981 1890 1984 p

435 2021 539 2074 mox
559 1993 692 2093 legum
710 1993 747 2072 δι
767 1993 1123 2091 experimentorum
1148 1990 1332 2072 allatione
1350 1989 1514 2072 uberius
1532 1991 1604 2071 fiet
1621 1992 1772 2093 palam;

449 2094 576 2196 Igitur
590 2116 750 2200 quoque
767 2095 813 2172 ab
834 2089 1063 2174 attractione
1078 2091 1305 2192 gravitatem
1325 2117 1534 2192 corporum
1554 2092 1701 2178 causari
1720 2087 1774 2166 di·

450 2199 603 2301 cimus3
657 2203 786 2278 Terra
800 2197 946 2300 quippe
969 2216 1015 2272 ea
1035 2192 1187 2274 ratione
1211 2194 1365 2274 attrahit
1389 2194 1591 2276 terrestria
1611 2215 1774 2294 corpora

453 2301 528 2378 ase
544 2317 717 2398 remota,
741 2315 783 2378 ut
804 2315 941 2380 mutuo
972 2293 1084 2376 firnul
1114 2297 1160 2372 ab
1186 2293 1265 2375 illis
1291 2297 1524 2394 corporibus
1540 2297 1774 2385 attrabatum

452 2401 560 2480 Hinc
579 2401 637 2479 vis
654 2400 745 2500 illa,
769 2424 846 2500 qua
865 2421 1032 2500 corpora
1049 2397 1089 2480 in
1107 2413 1252 2490 terram
1269 2395 1486 2499 gravi-tant,
1502 2395 1581 2478 dici
1601 2415 1776 2498 congrue

453 2503 597 2600 potest,
616 2499 678 2580 vis
695 2509 860 2600 centripcta
877 2532 889 2600 3
915 2498 1093 2597 respestu
1110 2513 1232 2582 terrae
1253 2517 1405 2600 autem,
1424 2513 1472 2579 uis
1489 2513 1668 2579 attraiiior.
1697 2509 1778 2579 Cen·

386 2651 389 2659 ·
451 2617 563 2707 tripart
580 2615 627 2682 uis
642 2607 699 2705 ‘sta
727 2599 779 2680 ait
804 2602 950 2688 Illustr.
977 2605 1215 2705 Neutonus,
1239 2599 1411 2702 Princip.
1435 2603 1616 2684 Mathem.
1640 2600 1730 2686 Lib.
1751 2602 1776 2676 Ι.

455 2702 606 2784 definit.
628 2723 660 2802 5.
686 2733 748 2809 qna
767 2731 894 2812 corpora
911 2707 1014 2803 urrficr
1024 2717 1176 2810 puralium
1198 2708 1329 2810 aliquod
1343 2727 1493 2811 tanquam
1510 2711 1556 2782 ad
1569 2727 1708 2784 centrum
1726 2729 1779 2778 art·

453 2813 546 2913 dique
566 2811 749 2902 trahuntur,
765 2815 983 2986 impelluntur,
1010 2811 1060 2880 vtl
1075 2829 1230 2910 utcunque
1244 2810 1384 2884 trudunt.
1435 2811 1547 2884 Hanc
1563 2799 1779 2886 innumeris

324 2933 328 2940 ’
392 2935 397 2948 ·
442 2907 729 3010 'experimentis
751 2933 798 2988 ro
828 2933 942 2988 orare
968 2906 1078 3008 licet,
1103 2929 1238 3009 neque
1270 2907 1401 2988 ullum
1423 2907 1667 2990 omnmo-est
1694 2929 1778 2987 cor·

453 3039 546 3114 pus,
572 3013 679 3113 quod
696 3033 779 3089 eam
796 3037 877 3091 non
897 3021 1110 3088 exerceret.
1161 3019 1217 3090 At
1243 3033 1341 3088 vero
1369 3009 1590 3122 quomodo,
1617 3007 1780 3110 quibus·

454 3138 505 3194 ve
516 3109 699 3314 'subsrdpps
715 3113 800 3190 haec
817 3110 990 3190 attraitio
1007 3121 1228 3214 peragatur,
1243 3108 1285 3188 id
1302 3127 1459 3217 peortus
1474 3109 1779 3194 hodiedumnon

457 3211 630 3294 innotuit
689 3235 792 3301 .114.

560 3317 691 3418 §.13u
719 3311 874 3414 Oritur,
888 3325 924 3390 at
952 3334 1004 3392 ue
1024 3313 1274 3414 componitur
1286 3309 1552 3394 visattralliva
1567 3309 1722 3394 telluris
1736 3333 1783 3390 ex

443 3415 613 3500 uiribus
636 3413 801 3518 partium
828 3337 1062 3516 attrailivis,
1093 3418 1200 3516 juxta
1227 3429 1349 3501 certas
1375 3415 1508 3516 leges:
1535 3416 1608 3518 ita,
1634 3429 1677 3504 ut
1704 3437 1783 3525 quo

457 3521 581 3621 major
597 3520 653 3600 est
667 3535 788 3598 terrae
804 3518 925 3597 moles
947 3515 1028 3596 aliis
1043 3517 1295 3598 terrestribus
1316 3518 1570 3618 corporibus,
1597 3543 1646 3601 eo
1664 3535 1783 3614 magu

456 3637 563 3703 terra
579 3646 745 3724 corpora
761 3617 930 3700 decidua
943 3620 1102 3699 attrahat
1121 3646 1131 3698 ε
1158 3619 1237 3697 imo
1255 3643 1344 3700 cum
1359 3619 1514 3698 telluris
1529 3621 1648 3702 totius
1663 3619 1784 3701 moles

460 3723 507 3804 ad
535 3726 703 3806 aliorum
730 3747 937 3823 corporum
963 3719 1269 3825 magnitudinem
1320 3746 1416 3822 rope
1442 3719 1596 3803 infinita
1623 3719 1696 3817 fit,
1721 3717 1785 3798 vis

460 3825 658 3907 attraliiva
682 3851 890 3926 corporum
918 3825 1083 3906 aliorum
1108 3821 1156 3900 ad
1190 3747 1453 3902 atta-aginnum
1483 3823 1784 3926 tellurisprope

458 3929 671 4010 evanescet.
698 3983 701 3988 -
723 3930 975 4031 Allignantur
992 3927 1190 4007 autemhae
1203 3939 1282 4004 tres
1289 3936 1460 4034 gravitatis
1472 3927 1617 4027 legera
1636 3933 1784 4004 tiranno.
1812 3979 1824 4002 ι.

534 4151 746 4258 turpantem
752 4151 807 4253 seu
819 4162 991 4255 gravitates
1007 4178 1186 4252 corporum,
1212 4161 1347 4256 quorum
1362 4159 1552 4254 quantitates
1569 4161 1704 4226 materia
1714 4153 1786 4242 fiam

558 4263 732 4360 'aequalem
758 4269 791 4333 in
804 4257 952 4353 dislantiis
971 4253 1136 4358 aquatilibus
1150 4279 1170 4332 tt
1186 4273 1288 4330 centro
1304 4255 1423 4330 trllrlrir
1430 4256 1494 4354 stat
1520 4275 1556 4330 ut
1572 4249 1637 4360 ipsc
1656 4261 1784 4356 parum·

1657 4375 1736 4429 tuter
