3900 4956
262 535 266 542 '
386 557 388 562 ’
524 514 759 594 Pumcrw
779 512 856 595 VI·
882 510 1132 615 Devncuo:
1413 520 1487 620 -57

204 719 319 786 tenus
349 693 512 799 intelligi
545 696 664 779 debet
690 719 885 798 corporea
908 697 1115 778 extensio·
1153 723 1287 779 vamum
1314 703 1464 804 quippe
1483 705 1540 786 est

206 801 313 884 omni
345 820 519 900 corpore
554 795 778 880 destitutum
808 830 818 876 r
852 823 986 904 neque
1017 764 1182 904 intelligi
1206 803 1334 903 potest
1364 806 1538 886 extensio

200 903 468 986 mathematica
485 902 548 1000 (§.
564 902 661 1002 31);
691 899 864 980 extensio
888 902 990 981 enim
1009 906 1278 983 mathematica
1294 905 1335 986 in
1355 908 1536 1008 longum,

200 1015 319 1091 latum
333 999 1415 1108 &profundumnecelsariasaceffentialeshabetpartes,
1434 1032 1542 1088 nem-

206 1137 259 1212 pe
278 1115 374 1184 lineas
394 1105 432 1183 dt
444 1105 609 1201 firprrficies
625 1105 714 1279 (da
732 1114 895 1207 Gromrt.)
945 1110 1003 1182 At
1020 1131 1120 1186 veru
1135 1106 1540 1210 vacuumlongitudine,

202 1205 465 1295 latitudine&
485 1204 632 1304 prosurr
664 1205 756 1284 itate
774 1205 1031 1285 mensurabile
1055 1233 1136 1286 non
1163 1211 1397 1289 terminatur
1426 1207 1543 1290 undi-

205 1337 286 1499 ἕξις
305 1302 588 1405 superficiebus
607 1361 621 1407 ,
650 1308 773 1388 veluti
799 1334 932 1386 uacuum
951 1307 1055 1386 inter
1083 1309 1179 1388 duas
1201 1306 1431 1410 superficies
1459 1314 1540 1390 AB
1561 1313 1643 1394 Tri.
1663 1321 1692 1402 1.

264 1412 342 1492 CD
378 1405 673 1506 interceptum3
706 1407 773 1486 sed
799 1407 1031 1509 intelligitur
1056 1406 1241 1492 extenfio'
1256 1409 1505 1526 penetrabilis
1525 1466 1539 1514 ‚
1559 1420 1624 1522 sig.
1650 1427 1683 1512 ὅ,

205 1513 310 1595 omni
332 1532 503 1609 corpore
524 1507 703 1588 destituta
728 1537 738 1588 r
790 1515 866 1614 Ber
894 1509 1004 1610 quod
1030 1513 1119 1592 sane
1145 1537 1165 1590 a
1185 1511 1306 1592 nihilo
1328 1538 1462 1592 merum
1482 1511 1541 1592 di-

202 1609 440 1718 stinguitur3
469 1611 510 1690 in
527 1611 648 1690 nihilo
668 1609 814 1690 etenim
837 1610 987 1692 nullum
1013 1613 1341 1713 omnino'corpus
1359 1617 1454 1716 poni
1468 1637 1541 1712 po-

202 1719 288 1798 test.
345 1715 541 1817 Quoniam
559 1727 712 1815 autem,
730 1711 758 1790 st
776 1723 842 1793 aer
866 1715 942 1790 hoc
962 1713 1004 1794 in
1031 1711 1220 1796 cubiculo
1237 1742 1258 1794 a
1277 1716 1371 1794 Deo
1390 1713 1540 1796 annihi-

201 1821 374 1915 laretur,
401 1829 531 1916 partes
560 1812 804 1894 diversorum
833 1815 1013 1893 locorum
1046 1817 1086 1894 in
1121 1814 1273 1894 nostros
1301 1815 1432 1902 sensus
1458 1841 1541 1901 non

202 1917 358 2024 poliunt
376 1916 618 2016 incurrere,
647 1916 958 2002 mensuraremus
986 1917 1128 2020 utique
1147 1917 1226 1994 hoc
1251 1945 1405 2015 uacuum,
1425 1917 1541 1995 ratio.

204 2048 254 2104 ne
272 2017 569 2119 superficierum
592 2017 662 2096 seu
689 2041 893 2098 murorum
920 2016 1197 2117 ambientium,
1235 2019 1413 2122 quamvis
1440 2016 1540 2100 illud

202 2123 325 2226 ipsum
350 2149 486 2196 vacuum
514 2132 642 2216 partes
672 2120 754 2197 suas
782 2121 984 2221 extensas,
1020 2119 1260 2220 invifibiles‘,
1288 2119 1540 2202 intattibites.

205 2248 285 2328 que
303 2223 461 2322 habeat,
491 2221 635 2323 quibus
654 2244 794 2300 revera
819 2221 1079 2320 mensuratur.
1175 2297 1178 2306 .

308 2325 341 2422 t.
359 2333 418 2415 48.
448 2321 586 2400 Omnia
605 2327 730 2424 carrqlt
745 2329 883 2402 contra
900 2323 1182 2419 possibilitatem
1199 2337 1294 2402 vacui
1312 2326 1542 2436 argumenta

205 2424 483 2527 profluxerunt
508 2447 556 2500 ex
579 2421 674 2500 salso
707 2439 907 2524 conceptu
937 2425 987 2504 de
1016 2424 1171 2506 essentia
1209 2448 1389 2528 eorporis
1408 2429 1470 2531 (q.
1491 2434 1539 2528 9)

203 2527 338 2606 falsum
367 2523 514 2627 quippe
532 2523 616 2604 est:
652 2548 797 2626 corpus
829 2527 867 2604 dt
890 2526 1155 2608 extentionem
1189 2525 1266 2607 else
1291 2527 1411 2608 idem.
1493 2525 1537 2604 si

203 2625 490 2708 enimextensro
508 2624 756 2726 seuspacium
776 2629 829 2706 est
845 2653 1010 2730 corpus,
1034 2627 1216 2732 nunquid
1234 2629 1301 2730 id,
1321 2627 1431 2731 quod
1451 2651 1541 2708 cor·

203 2753 276 2831 pus
296 2727 371 2827 est,
399 2727 562 2806 deberet
580 2727 684 2806 aliud
702 2752 849 2828 corpus
868 2729 1100 2830 continere,
1122 2733 1260 2810 contra
1275 2744 1449 2810 naturam
1463 2749 1539 2803 ma-
1667 2772 1673 2778 -

203 2832 355 2912 teriael
379 2826 563 2932 nunquid
589 2827 670 2908 duo
694 2851 862 2924 corpora
887 2831 1057 2909 eundem
1085 2830 1194 2910 fimul
1222 2843 1465 2928 occuparent
1479 2830 1539 2904 lo·

203 2934 329 3014 cumi
357 2951 450 3033 quere
466 2926 595 3010 omnia
615 2929 705 3006 sunt
724 2952 744 3004 a
760 2951 855 3006 vera
882 2929 1173 3027 philosophandi
1197 2931 1352 3016 ratione
1375 2929 1538 3032 prorsus

201 3037 354 3128 absona,
406 3029 490 3138 Jam
508 3029 557 3109 de
577 3029 715 3109 attuali
735 3057 833 3109 vacuo
852 3030 897 3110 fit

495 3201 1238 3328 puoro'srr1011.

207 3446 249 3528 μ’.
261 3457 322 3538 49.
415 3455 530 3511 Acuunt
551 3437 621 3510 assu
636 3443 670 3508 in
688 3461 795 3509 rerum
816 3453 933 3509 natura
950 3437 1060 3532 existit.

431 3537 491 3611 Ex
511 3550 623 3612 motu
650 3533 763 3613 locali
787 3531 1033 3612 sortiffimum
1065 3531 1312 3636 depromitur
1341 3557 1414 3638 pro
1443 3547 1535 3616 varri

206 3637 407 3720 existentia
422 3649 694 3734 argumentum
712 3665 726 3732 3
780 3637 876 3713 Cum
902 3633 1005 3712 enim
1025 3649 1127 3716 tanta
1143 3636 1187 3714 lit
1208 3651 1329 3716 terrae
1348 3636 1394 3714 ad
1413 3637 1536 3718 stellas

204 3765 334 3843 usque
356 3740 453 3818 fixas
473 3733 667 3835 distantia,
695 3750 741 3818 ut
764 3757 812 3810 ex
832 3733 1069 3836 optimorum
1095 3732 1426 3816 Astronomorum
1452 3740 1538 3840 opi-

206 3844 327 3923 nione
347 3839 463 3920 facile
482 3841 586 3918 ultra
610 3843 659 3929 86
682 3865 835 3920 oooooo
862 3865 1015 3918 oooooo
1034 3840 1074 3916 id
1095 3833 1149 3948 eit
1165 3835 1362 3950 otloginta
1380 3839 1446 3918 sex
1466 3839 1538 3922 bil·

207 3947 333 4024 liones
358 3939 579 4037 milliarium
612 3938 926 4040 germanicorum
949 3938 1029 4018 lroc
1054 3941 1173 4039 spatio
1208 3939 1536 4040 rntercipiantur·

206 4047 234 4125 fi
255 4046 332 4124 hoc
353 4059 480 4122 totum
499 4045 656 4142 plenum
676 4039 766 4118 esset
785 4039 1046 4140 corporibus,
1074 4041 1308 4140 sequeretur
1330 4041 1471 4143 utique
1489 4001 1538 4122 ad

210 4169 365 4226 omnem
386 4141 499 4224 etiam
521 4141 631 4242 digiti
649 4157 822 4240 motum,
849 4155 915 4218 aut
941 4143 1088 4222 muscae
1114 4143 1288 4224 volatum
1304 4142 1393 4222 fieri
1420 4143 1539 4223 debe·
1604 4178 1610 4188 ·

210 4271 256 4330 re
279 4261 426 4330 motum
442 4241 756 4346 interjacentium
775 4263 991 4422 coqporum
1012 4243 1190 4351 adusque
1209 4265 1409 4327 extremos
1425 4272 1540 4426 miun-
1559 4311 1564 4327 ,

744 4411 746 4416 ,
874 4365 899 4427 2
1475 4371 1488 4424 1
