3878 4958
450 513 502 596 94
611 516 632 564 .·
684 521 686 524 ·
952 498 1185 578 brennus
1211 489 1245 576 1.

406 699 485 782 que
505 677 712 779 causaest,
734 675 845 780 quod
868 700 1021 780 eorpus·
1034 681 1267 785 sphaericum
1283 678 1435 768 facilius
1455 685 1496 768 in
1511 688 1626 784 plano
1645 715 1738 790 pro·¹

403 795 611 858 moveatur
683 803 770 860 uam
779 780 964 860 cubicum
984 809 1130 884 corpus
1140 782 1316 882 ejusdem
1326 787 1522 884 gravitatis
1540 795 1596 890 (l.
1609 800 1703 896 275)
1720 821 1734 895 3

403 888 503 962 Item
524 837 635 984 quorl
653 807 790 986 &obus
811 897 877 960 aut
896 888 1022 964 cubus
1040 887 1220 986 ferreus,
1239 881 1346 962 efito
1369 892 1559 992 suspenfi,
1586 893 1737 974 facilius

403 983 452 1062 ad
473 1002 625 1062 motum
645 985 922 1088 concitentur,
945 1010 1060 1090 quam
1077 989 1118 1069 in
1136 989 1251 1090 plano
1269 985 1404 1098 positi,
1425 1016 1568 1093 nempe
1585 995 1677 1096 quia
1696 998 1738 1074 in

400 1089 530 1194 primo
567 1085 655 1166 casu
677 1087 811 1185 plures
840 1087 941 1188 plani
972 1103 1286 1190 partes,motu1
1313 1094 1563 1196 resistenteS‚
1596 1097 1740 1176 cubum

402 1217 521 1296 quam
540 1191 699 1292 globum
723 1188 860 1270 contin
917 1206 990 1270 nt:
1021 1189 1122 1270 &in
1147 1184 1322 1270 secundo
1342 1195 1455 1296 casu,
1481 1195 1572 1298 quia
1587 1189 1738 1308 pendul.

400 1297 442 1373 lo
462 1314 660 1389 corpore,
683 1292 849 1386 superan
879 1317 908 1368 a·
923 1293 978 1368 est
998 1286 1267 1372 tantummodo
1294 1295 1392 1372 aeris
1419 1295 1621 1376 ambientis
1647 1297 1738 1375 resr-

402 1391 539 1472 stentia
558 1417 571 1492 3
600 1408 637 1468 at
649 1391 803 1487 jacente
818 1412 989 1489 corpore
1004 1415 1084 1471 non
1096 1397 1150 1472 est
1166 1398 1440 1478 tantummodo
1456 1399 1554 1476 aeris
1567 1395 1741 1476 resisten-

402 1494 455 1573 tia
470 1491 710 1590 superanda,
736 1487 803 1572 sed
827 1511 871 1566 ea
890 1490 1031 1593 etiam,
1061 1515 1157 1597 quae
1183 1489 1310 1574 oritur
1328 1496 1582 1582 exvcontastu
1599 1521 1757 1598 corpo--

401 1597 455 1676 ris
473 1617 566 1672 curn
586 1593 719 1694 plano.
1348 1647 1351 1663 .

411 1749 432 1768 „
503 1697 537 1802 l.
560 1719 622 1797 95.
652 1689 775 1796 Quod
799 1707 929 1772 autern
961 1717 1152 1802 corpora,
1182 1702 1359 1784 etiam'in
1381 1723 1508 1778 vacuo
1526 1701 1670 1816 posita,
1700 1702 1742 1782 in

403 1795 538 1902 quiete
568 1797 633 1873 sua
657 1795 909 1894 perseverare
934 1797 1132 1902 nitantur,
1159 1827 1291 1908 neque
1318 1805 1395 1881 hoc
1426 1829 1448 1880 a
1502 1816 1645 1904 mete,
1674 1799 1742 1880 sed

404 1901 449 1980 ab
467 1897 608 2013 inertia
624 1895 739 2014 trahit
761 1895 955 2014 originem
974 1901 1025 2000 (l.
1043 1905 1125 2002 99).
1179 1907 1240 1982 Ex
1267 1902 1420 1982 ratione
1451 1829 1570 1982 sblius
1598 1901 1742 2015 quietis

403 1995 527 2103 pollet
544 2021 702 2078 mamma
727 2001 786 2078 vis
812 2023 1024 2078 maximum
1053 2023 1201 2103 corpus
1222 2027 1477 2084 commovere
1500 2031 1512 2104 3
1538 2028 1619 2082 non
1638 2026 1743 2082 emm

404 2111 492 2205 quies
510 2101 564 2178 est
581 2097 709 2200 aliud,
739 2127 855 2204 quam
877 2116 1007 2178 motus
1023 2104 1220 2208 privatio,
1249 2129 1342 2210 quae
1366 2129 1439 2205 per
1468 2105 1586 2188 solam
1611 2118 1743 2186 motus

407 2203 531 2284 omnis
547 2201 804 2286 sublationem
821 2203 999 2282 habetur.

730 2364 1316 2508 PRAELECTIO
1376 2416 1439 2506 x.
1542 2475 1552 2490 .

686 2571 749 2662 De
771 2571 982 2656 Mobilitate
1007 2572 1204 2684 Corporum
1231 2573 1283 2671 &⁹
1304 2577 1459 2660 Inertia.

209 2766 441 2891 'Moltlttaesb
455 2787 523 2891 96·
549 2781 829 2927 Mobilitas-ad
848 2791 1026 2870 materiae
1049 2789 1244 2874 ellentiam
1274 2793 1468 2896 pertinet,
1497 2789 1606 2902 &est
1623 2793 1745 2898 capaci-

228 2905 335 3008 quidss
657 2916 706 2972 tas
723 2907 822 2973 amaris
835 2905 968 3002 corporis
986 2895 1031 2970 ad
1048 2917 1190 2990 ntorum,
1213 2921 1308 3000 atqua
1326 2899 1371 2969 ad
1387 2904 1462 2992 hoc,
1488 2916 1524 2968 ut
1544 2897 1746 2976 exanclato,

255 3075 257 3080 ,
405 2994 527 3090 vclssau
552 2991 596 3065 ad
616 2999 712 3072 altum
736 2997 891 3072 deveniat.
942 2993 1122 3096 Ideoque
1150 2994 1296 3097 singula
1320 3019 1488 3094 corpora
1516 2989 1745 3086 necellarim

357 3157 358 3160 a
410 3087 592 3194 quaedam
618 3093 778 3191 quidem
807 3094 953 3192 magis,
980 3094 1163 3194 quaedam
1190 3097 1319 3174 minus
1344 3095 1502 3173 mobilia
1527 3093 1642 3190 sunt,
1678 3087 1747 3172 etii

412 3189 501 3286 atto
526 3204 678 3268 motum
697 3217 781 3271 non
807 3205 1016 3288 exerceant
1039 3215 1052 3290 3
1096 3202 1154 3272 nt
1168 3218 1267 3272 vero
1298 3213 1380 3276 tota
1402 3197 1578 3275 omnium
1606 3215 1746 3294 corpo-

411 3315 500 3382 rum
519 3285 726 3394 collettio,
749 3291 789 3369 in
816 3289 936 3390 spatio
960 3289 1082 3368 totius
1107 3295 1280 3376 univerfi
1306 3295 1533 3395 constituta,
1562 3297 1637 3376 alio
1664 3318 1749 3375 mo·

412 3392 500 3482 veri
524 3414 606 3470 non
634 3391 785 3494 potest,
818 3413 910 3469 cum
926 3391 1089 3494 spatium
1116 3395 1213 3478 illud
1239 3396 1364 3498 ipsum
1389 3396 1587 3481 immobile
1606 3397 1680 3499 fit,
1710 3396 1748 3474 δι

307 3505 309 3511 ’
415 3513 526 3577 extra
547 3493 645 3572 illud
662 3495 811 3574 nullum
832 3491 935 3573 aliud
956 3493 1087 3576 existat
1107 3500 1166 3597 (§.
1189 3501 1276 3602 69).

420 3683 423 3698 Ι
517 3599 550 3696 l.
572 3616 635 3694 97.
669 3595 839 3674 Diversa
862 3596 951 3672 haec
974 3619 1116 3700 nempe
1143 3603 1265 3700 major
1300 3598 1366 3679 vel
1394 3603 1525 3685 minor
1555 3601 1748 3680 mobilitas

415 3718 631 3802 corporum
657 3693 847 3774 fundatur
872 3695 1108 3797 potiffimum
1134 3703 1175 3784 in
1201 3699 1352 3778 diversa
1377 3727 1590 3804 corporum
1615 3707 1746 3808 figura,

415 3796 631 3904 levigatione,
650 3799 687 3875 δι
702 3803 778 3874 mole
795 3815 949 3899 marene,
974 3825 1088 3903 quam
1107 3824 1277 3902 corpora
1303 3805 1634 3906 complectuntur.
1664 3801 1749 3882 Sint

417 3893 500 3992 duo
516 3919 685 4000 corpora
700 3927 741 4004 u.
758 3925 793 4002 g.
812 3925 861 3978 ex
878 3926 1075 3980 marmore
1094 3903 1252 4002 prorsus
1269 3903 1442 4006 ejusdem
1468 3909 1605 4006 molis,
1620 3927 1746 3983 unum

419 4021 548 4080 tamen
567 3999 821 4103 sphaericum,
842 4005 1007 4098 alterum
1026 4001 1235 4086 cubicum:
1261 4019 1505 4106 reponantur
1527 4009 1616 4088 haec
1633 4006 1750 4103 super

415 4105 532 4283 Elano
557 4103 750 4204 paulisper
775 4103 991 4208 inclinat03
1026 4099 1259 4210 sphaericum
1289 4107 1427 4202 sponte
1453 4108 1662 4203 volvetur,
1683 4129 1750 4183 cu-

444 4205 548 4312 icum
567 4229 647 4316 non
665 4203 759 4318 item
770 4229 789 4314 5
817 4225 911 4318 quae
929 4205 1119 4288 mobilitas
1143 4207 1330 4311 provenit
1348 4231 1369 4284 a
1386 4205 1524 4322 figura.
1578 4207 1749 4388 Rlllrsllm
