3900 4956
416 473 467 546 24
807 443 1119 526 Prorecomaun
1167 441 1351 552 Parsrcn
1406 535 1410 544 ,

372 641 476 739 fuit,
503 629 637 714 haberi
656 629 797 732 polht·
827 627 1043 729 subtectum
1062 627 1166 710 enim
1186 629 1508 736 seumatm'aprima
1525 632 1565 714 in
1580 633 1707 720 astua-

248 785 249 790 ¹
372 745 399 826 ii
419 738 672 846 generatione
694 691 825 813 tranirt
845 730 1103 830 aprivatio'ne
1124 733 1271 812 sormae
1291 755 1412 812 novae
1431 746 1610 838 tanquam
1627 757 1708 818 ter·

372 847 526 924 minoa
577 869 616 914 uo
642 833 690 914 ad
716 837 881 916 sormam
910 860 1052 916 novam
1081 850 1262 938 tanquam
1286 835 1501 916 terminum
1533 843 1578 914 ad
1600 871 1706 946 qaam.

371 943 530 1029 Feralia
554 871 716 1019 iemum
743 937 999 1040 generatione
1026 937 1066 1016 in
1091 937 1308 1040 composito
1338 937 1455 1016 solam
1477 953 1642 1018 murman
1671 943 1710 1022 dc

360 1037 1708 1155 sormamprincipiaintrinsecaperseverarepertenduntPeripatetici.

481 1147 591 1226 xlx.
620 1141 770 1246 Siquis
796 1141 885 1222 haec
913 1143 987 1220 tria
1007 1141 1359 1242 Peripateticorum
1412 1139 1578 1260 rincipia
1597 1143 1710 1242 peni-

371 1269 434 1333 tus
452 1245 693 1346 inspexerit,
719 1243 903 1344 nunquid
933 1247 1037 1324 clare
1054 1243 1224 1323 advertit
1248 1273 1258 1320 a
1284 1265 1369 1322 eae
1394 1265 1422 1330 e
1442 1261 1626 1328 notiones
1642 1245 1711 1336 ,ab-

369 1351 526 1434 stractas
544 1349 582 1426 dt
601 1343 906 1452 metaphysicas,
934 1362 1054 1448 atque
1079 1347 1124 1424 ab
1151 1344 1353 1426 intellectu
1374 1344 1507 1426 nostro
1523 1347 1710 1446 produci,

372 1455 551 1554 ideoque
579 1447 654 1526 elie
671 1445 911 1551 posteriores
931 1451 1051 1526 rebus
1077 1445 1201 1550 ipsis,
1233 1473 1254 1524 a
1278 1445 1421 1549 quibus
1443 1450 1628 1528 notiones
1647 1449 1713 1526 hae

374 1556 623 1656 separantur,
660 1573 794 1651 neque
811 1573 831 1624 a
850 1547 944 1650 Deo
960 1547 1108 1651 opifice
1134 1569 1211 1625 ceu
1229 1547 1353 1649 prima
1368 1547 1560 1652 principia
1578 1551 1625 1630 ad
1649 1571 1713 1628 re-

375 1679 462 1738 rum
483 1649 785 1753 produstionem
798 1645 972 1730 adhiberi
985 1649 1182 1752 potuisset
1235 1649 1588 1754 Astpraeterquam
1628 1645 1713 1730 uod

376 1761 467 1838 haec
485 1753 677 1855 principia
694 1751 951 1857 metaphysica
975 1751 1094 1853 nihil,
1121 1767 1187 1832 aut
1208 1749 1280 1830 vix
1295 1749 1445 1856 aliquid
1470 1751 1603 1834 intelle
1673 1775 1713 1832 m

378 1860 420 1940 in
440 1853 725 1976 cognoscendis
740 1862 983 1957 clementorum,
994 1857 1154 1961 soffilr'um,
1194 1859 1310 1934 lanan.
1323 1881 1369 1942 m,
1390 1861 1634 1956 animaliumque
1648 1879 1714 1934 na·

377 1963 475 2044 turis
494 1953 711 2056 illustrent,
746 1979 879 2070 neque
897 1959 1012 2037 etiam
1029 1979 1122 2036 cum
1136 1881 1408 2054 piaenomenis
1420 1951 1457 2032 dr
1469 1955 1714 2056 experimen·

377 2065 428 2144 tis
448 2057 693 2158 conspirant,
720 2057 799 2135 imo
819 2053 1045 2138 mdecentia
1063 2083 1143 2138 non
1160 2055 1353 2136 mediocri
1369 2055 1408 2134 dt
1422 2053 1622 2158 impietate
1636 2058 1715 2138 sca·

377 2181 492 2247 tent:
516 2159 544 2240 sr
565 2157 669 2238 enim
687 2157 858 2238 mundus
880 2160 925 2238 ab
943 2175 1098 2240 aeterno
1124 2155 1279 2258 extitit,
1318 2179 1365 2236 ut
1389 2156 1716 2240 habetAristote·

380 2271 440 2349 les
455 2263 543 2346 Lib.
564 2265 617 2340 11.
637 2261 688 2343 de
707 2261 821 2343 Caelo
837 2267 932 2364 eap.
956 2285 992 2340 1.
1011 2292 1022 2358 3
1066 2265 1100 2342 si
1118 2261 1267 2342 summo
1286 2271 1435 2338 tantum
1455 2261 1560 2340 caelo
1577 2265 1715 2342 Deum

380 2365 616 2450 Aristoteles
636 2361 831 2466 praeficit,
850 2363 914 2462 dr,
936 2359 1046 2466 quod
1063 2365 1178 2444 habet
1197 2369 1339 2442 latram
1354 2358 1396 2438 in
1412 2359 1628 2444 Aristotele
1645 2365 1713 2464 lib.

386 2491 423 2569 5,
444 2467 523 2570 seg.
548 2487 612 2567 32.
636 2469 774 2538 diarcha
806 2463 897 2536 aives
921 2467 974 2543 aria
1000 2475 1139 2556 πρόνοιαν
1155 2471 1254 2558 polypi
1269 2465 1327 2536 τὸι
1343 2463 1466 2554 κ’ραιίυν
1483 2467 1717 2544 Providentiam

383 2581 446 2652 Det·
460 2579 552 2676 usque
570 2567 615 2641 ad
629 2567 745 2662 calestia
770 2586 894 2642 tantum
917 2567 1067 2644 extendit.
1117 2562 1399 2664 Intelligentias
1423 2584 1523 2642 vero
1551 2564 1647 2648 dicit
1668 2567 1718 2644 ab

381 2689 536 2756 aeterno
555 2667 732 2746 caelestes
752 2665 870 2744 orbes
891 2666 971 2745 fine
996 2667 1156 2746 alterius
1179 2661 1340 2744 consrlio
1365 2661 1527 2744 movisse
1540 2668 1716 2768 Metaph.

379 2777 447 2856 lib.
466 2799 528 2868 14.
544 2796 631 2875 cap.
652 2782 688 2862 8.
718 2769 860 2874 quibus
878 2767 1050 2846 motibus
1069 2769 1205 2872 agitata
1220 2763 1397 2844 materiae
1412 2767 1533 2844 moles
1551 2767 1719 2848 necessa·

377 2879 441 2958 rio
458 2875 496 2956 dc
515 2876 598 2957 suae
614 2871 812 2974 exigentia
828 2885 982 2950 naturae
999 2875 1044 2952 ab
1066 2885 1221 2954 aeterno
1243 2867 1413 2946 diversas
1432 2867 1625 2951 continuo
1637 2871 1720 2950 sor-

378 3003 459 3058 mas
485 2975 712 3076 receperit:
756 2971 950 3077 Nonquid
978 2975 1163 3055 atheismo
1189 2967 1368 3052 domina
1389 2969 1480 3046 haec
1500 2969 1640 3086 putida
1666 2975 1720 3074 ja·

382 3101 502 3162 nuam
519 3077 596 3154 late
616 3075 764 3172 aperit,
791 3077 828 3154 dz
844 3075 925 3154 srne
944 3077 1038 3156 Deo
1060 3075 1190 3154 omnia
1216 3071 1350 3174 peragi
1404 3093 1533 3154 omma
1549 3071 1722 3169 produci

384 3179 605 3261 asseverat!
631 3189 678 3253 ut
699 3171 827 3251 mirari
859 3173 1040 3272 prosedio
1056 3174 1218 3274 subeat,
1247 3197 1325 3272 qua
1350 3123 1401 3248 rie
1421 3171 1531 3258 causa
1548 3171 1722 3276 tamdiu,

383 3297 567 3382 tantaque
579 3277 721 3359 curain
741 3273 1018 3376 scholispallim
1030 3272 1375 3376 hilardespotuerit
1390 3273 1573 3356 enutriri.
1619 3279 1719 3356 Sub·

386 3377 580 3465 llantiales
591 3385 719 3559 {prmo
746 3371 1098 3476 Peripateticorum
1137 3377 1300 3456 censere
1325 3373 1584 3478 chymaericas
1613 3403 1724 3460 com·

385 3491 521 3589 plures
535 3481 588 3562 do
630 3475 827 3557 illimiviri
848 3475 925 3558 auli
943 3477 1064 3583 sunt3
1091 3501 1228 3582 neque
1241 3475 1439 3558 immerito
1458 3507 1469 3576 3
1504 3502 1591 3558 nam
1602 3504 1647 3559 re
1680 3507 1721 3559 u·

385 3605 476 3692 gnat
492 3581 718 3678 substantia,
745 3597 842 3758 puae
855 3581 1021 3680 separata
1045 3581 1213 3661 existere
1239 3602 1321 3660 non
1340 3573 1469 3680 polsrt,
1494 3602 1627 3660 cume
1657 3605 1722 3664 en·

386 3693 477 3771 tiale
507 3685 665 3784 prorsus
689 3681 734 3760 srt
771 3679 973 3763 ubstantiae
996 3681 1188 3781 existere,
1215 3692 1261 3756 ut
1292 3677 1333 3758 in
1353 3679 1616 3786 Metaphysrca
1634 3683 1726 3762 alie·

390 3788 525 3888 ri'tur3
552 3791 747 3889 incompletos
776 3800 907 3864 autem
930 3779 1115 3887 fiebslantias
1141 3783 1181 3862 in
1208 3777 1368 3886 physrco
1393 3781 1535 3860 ordine
1566 3783 1725 3883 penitus

388 3896 614 3997 ignoramus
638 3913 650 3978 ;
701 3885 750 3965 Et
775 3887 937 3966 omnino
960 3883 1180 3989 negandum
1200 3881 1296 3960 illud
1319 3881 1402 3960 est:
1430 3877 1519 3960 fieri
1538 3883 1659 3986 posse,
1677 3897 1726 3966 ut

391 4021 463 4095 per
480 3991 595 4071 solam
614 3985 841 4086 divisionem
864 3985 1056 4090 partium,
1085 3983 1234 4088 quaein
1253 3981 1480 4061 substantiali
1499 3987 1725 4086 corruptio·

390 4121 443 4177 ne
460 4089 687 4190 intercedit,
708 4089 911 4171 substantia
931 4091 998 4168 seu
1006 4089 1211 4194 fhlstanrlah's
1222 4087 1332 4188 sorma
1349 4081 1599 4196 annihiletur.
1654 4103 1725 4166 rri-

387 4214 541 4279 malonem
561 4189 736 4298 denique
762 4193 992 4274 Aristoteles
1015 4191 1119 4272 inter
1147 4209 1282 4268 rerum
1304 4185 1522 4292 principia,
1544 4187 1646 4294 ¹quin
1669 4192 1725 4272 se-

705 4309 715 4318 ·
1574 4312 1666 4374 cum
