3782 4958
444 483 519 566 354
906 470 1124 548 sacrroms
1176 471 1230 555 ΙΙ.
1327 522 1332 534 ι

393 645 528 727 traso:
554 643 730 729 bitumen
755 671 867 754 aquae
891 651 1054 734 marinae
1072 652 1292 736 immixtum
1306 654 1449 758 efficit,
1466 652 1576 762 quod
1593 657 1733 754 undae,

396 773 483 829 cum
516 747 558 828 in
595 747 690 830 dura
724 773 891 855 corpora
921 754 1178 857 impingunt,
1214 769 1280 838 aut
1311 781 1431 861 prora
1462 783 1525 838 eas
1561 755 1735 858 rapidius

395 846 558 954 scindit,
584 856 751 934 flammae
775 857 897 936 instar
921 855 1041 938 noun
1067 857 1298 938 colluceant
1385 869 1485 942 Arte
1512 858 1643 966 parari
1667 885 1736 960 poa

397 955 470 1035 test
496 981 618 1060 aqua,
645 979 735 1072 quae
762 959 897 1058 sapore
932 960 1121 1039 marinam
1153 963 1328 1042 reserat:
1375 963 1404 1042 fi
1440 987 1581 1064 nempe
1614 975 1735 1060 guttae

397 1058 547 1240 alpquqt
577 1057 759 1164 spiritur,
791 1083 840 1140 ex
866 1061 1100 1144 carbonibus
1126 1062 1316 1146 soffilibus
1352 1063 1554 1168 distillati,
1587 1061 1737 1144 muriae

397 1187 418 1239 a
451 1188 502 1241 un
533 1176 659 1244 antur.

496 1263 604 1346 Aliae
627 1287 738 1368 aquae
762 1263 897 1346 noxias
919 1267 1118 1372 arsenici,
1145 1267 1408 1349 &antimonii
1436 1267 1653 1348 solutiones
1668 1285 1736 1344 ve·

383 1365 526 1444 bunt:
560 1367 762 1448 nonnullis
794 1369 901 1484 aquis
933 1370 1067 1450 insunt
1102 1371 1234 1472 plures
1263 1371 1350 1450 salis
1381 1369 1540 1451 alkalini
1577 1381 1737 1472 partes,

395 1491 488 1571 quae
522 1465 661 1548 dentes
690 1471 909 1552 bibentium
943 1471 1091 1552 faciunt
1116 1471 1331 1552 vacillate:
1366 1469 1598 1578 quibusdam
1626 1469 1739 1570 aquis

395 1571 561 1652 multum
604 1571 706 1654 inest
753 1574 986 1676 vitrlolum,
1035 1574 1221 1678 sermm,
1270 1575 1395 1677 calx,
1454 1589 1518 1663 aut
1558 1571 1738 1653 subtilio

395 1697 459 1752 res
487 1687 607 1755 terrae
637 1691 791 1778 partes,
822 1699 915 1780 quae
939 1679 980 1756 in
1010 1676 1280 1758 immersorum
1305 1699 1658 1780 corporum‘poros
1676 1673 1736 1750 in-

396 1771 561 1878 grelsae,
596 1801 641 1856 ea
666 1777 708 1856 in
733 1777 882 1880 lapides
905 1791 1165 1880 commutant,
1198 1798 1263 1860 aut
1300 1780 1428 1879 potius
1451 1793 1583 1859 terrea
1607 1775 1737 1856 crusta

394 1875 613 1964 obducunt.
665 1881 940 1962 Neosolienses
967 1907 1081 1986 aquae
1107 1881 1149 1960 in
1175 1881 1368 1983 Ungaria,
1393 1905 1439 1960 ea
1465 1883 1612 1961 virtute
1635 1900 1738 1978 prae-

396 1981 517 2084 stant,
551 2002 595 2064 ut
625 1984 778 2064 sermm
806 1985 970 2065 intusum
998 1984 1108 2064 illico
1134 1979 1334 2085 exedant,
1368 1985 1406 2064 u
1432 2006 1604 2085 cuprum
1628 1979 1737 2059 illius

395 2084 485 2164 loco
518 2083 778 2184 substituant
820 2085 916 2167 hinc
950 2089 1073 2190 vulgo
1109 2085 1298 2168 dicuntur
1324 2085 1477 2166 serrum
1502 2083 1545 2166 in
1571 2107 1737 2182 cuprum

394 2203 628 2288 permutare.
680 2197 720 2270 A
747 2189 828 2269 solo
845 2189 984 2291 etiarn,
1007 2188 1118 2296 quod
1144 2213 1240 2292 aqua
1266 2187 1462 2290 allambit,
1489 2183 1739 2267 faeculentias

111 2359 116 2366 .
395 2291 432 2368 δι
456 2289 672 2372 solutiones
695 2287 867 2372 diversas
893 2292 1019 2376 trahit.

216 2401 309 2502 Aqua
312 2425 379 2508 pu.
493 2394 545 2470 II.
599 2399 715 2474 Notae
740 2419 851 2500 aquae
877 2419 989 2497 purae
1018 2395 1054 2474 dt
1085 2391 1289 2472 desaecatae
1319 2391 1408 2474 sunt
1435 2390 1640 2496 sequentes
1660 2386 1737 2473 :li

215 2523 255 2574 ra
279 2529 344 2608 qn<
362 2513 374 2588 ζ
395 2488 554 2592 limpida
583 2495 629 2574 srt
655 2493 738 2574 line
772 2496 899 2576 odore
922 2497 1039 2598 ullo,
1073 2495 1153 2574 fine
1187 2495 1355 2596 colore,
1391 2494 1473 2573 stne
1509 2493 1671 2593 sapore:
1704 2489 1736 2567 si

292 2627 298 2640 ·
396 2598 487 2695 sapo
512 2601 695 2678 Venetus
718 2595 758 2676 in
781 2623 826 2678 ea
852 2597 1079 2704 aequaliter,
1112 2595 1195 2674 fine
1219 2593 1525 2696 fragmentorum
1554 2591 1740 2696 reliquiis

393 2697 626 2782 dillolvatur.
690 2701 887 2804 Chymicis
911 2700 1088 2778 solemne
1112 2699 1191 2798 est,
1217 2697 1288 2776 hac
1313 2697 1467 2777 ratione
1494 2720 1605 2799 aquae
1627 2693 1737 2796 puri·

391 2819 507 2883 tatem
531 2801 775 2903 periclitari:
813 2805 956 2885 Oleum
983 2799 1113 2882 tartari
1147 2801 1221 2902 p'er
1250 2797 1494 2904 deliquium,
1526 2812 1591 2879 aut
1628 2797 1737 2876 solu-

392 2907 544 2988 tionem
569 2907 744 3008 argenti,
766 2905 902 2988 latiam
927 2907 970 2986 in
992 2929 1088 3008 aqua
1110 2901 1229 3002 sorti,
1255 2901 1294 2978 in
1320 2927 1403 2981 eam
1431 2899 1677 2998 irrsundunt3
1705 2897 1740 2980 li-
1881 2983 1882 2988 Ν

394 3033 491 3110 aqua
519 3031 613 3103 pura
641 3007 706 3109 fit,
733 3007 832 3086 nihil
859 3006 1074 3112 quidquam
1103 3007 1243 3085 horum
1272 3003 1459 3087 affusrone
1486 3002 1736 3089 turbabitur:

307 3119 309 3126 ‘
394 3105 452 3186 sm
476 3127 573 3190 vero
598 3105 751 3208 impura
777 3109 852 3212 lit,
888 3111 926 3188 dt
955 3105 1172 3208 praesertim
1203 3123 1350 3188 terram
1377 3105 1578 3186 calcariam
1607 3105 1740 3185 conti-

393 3221 502 3310 neat,
529 3227 594 3292 aut
618 3211 862 3314 ferrugineas
889 3209 1124 3312 particulas3
1153 3207 1342 3292 affufione
1368 3205 1529 3326 quidem
1554 3206 1634 3290 olei
1660 3221 1739 3286 tar·

342 3324 346 3331 '
389 3313 462 3416 tari
489 3313 609 3394 veluti
637 3315 697 3396 lac
724 3316 912 3394 albescet:
940 3311 1114 3395 admixta
1139 3329 1265 3395 autem
1290 3310 1484 3395 solutrone
1503 3311 1659 3413 argenti
1683 3310 1739 3392 ci-

393 3442 559 3499 nereum
577 3420 726 3499 reseret
744 3419 929 3499 colorem.
1019 3423 1032 3447 ⁸

210 3523 355 3631 Bepara·
486 3523 558 3602 III.
609 3523 745 3604 Solent
770 3521 914 3602 eruditi
938 3541 1076 3622 aquam
1099 3513 1295 3616 depurare
1314 3511 1565 3599 distillatione
1583 3513 1630 3614 ad
1653 3517 1741 3597 len-

214 3625 367 3729 tiolqua·
388 3645 469 3708 tum
486 3623 618 3725 ignem
634 3649 645 3723 3
673 3639 801 3726 partes
815 3625 959 3726 quippe
976 3621 1166 3718 impurae,
1184 3619 1453 3731 cuiuscunque
1476 3617 1635 3721 generis
1646 3620 1740 3721 fint,

239 3754 322 3806 rum.
393 3743 643 3814 remanentes
660 3725 702 3808 in
720 3725 850 3806 sundo
871 3719 1111 3816 cucurbitae,
1130 3719 1362 3799 exammanti
1383 3734 1605 3803 occurrent.
1627 3725 1742 3802 Con-

392 3829 586 3928 gelatione
620 3828 764 3930 etiam,
806 3826 899 3906 dum
934 3837 1059 3904 motus
1091 3819 1328 3902 sensibiliter
1360 3821 1403 3902 in
1433 3849 1531 3928 aqua
1574 3821 1742 3927 deficit,

341 3935 344 3946 '
392 3955 491 4030 aqua
517 3925 751 4031 depuratus,
777 3953 822 4008 ac
843 3943 970 4030 partes
997 3921 1244 4024 sulphurem,
1271 3943 1440 4027 terreas,
1463 3926 1623 4027 salinas,
1657 3949 1743 4004 me-

390 4029 539 4110 tallicas
566 4029 607 4108 in
628 4029 756 4112 sundo
784 4028 956 4128 deponit.
1018 4027 1387 4107 In'Commentariis
1411 4027 1642 4108 Academiae
1667 4033 1743 4110 Pe·

390 4130 639 4234 tropolitanae
676 4139 772 4212 Tamo
797 4135 869 4212 ΙΙΙ.
890 4157 967 4248 pag,
995 4131 1074 4226 141.
1109 4125 1314 4211 methodus
1348 4155 1483 4233 aquam
1515 4128 1743 4226 deputandi

393 4227 661 4340 suppeditatur
677 4259 686 4312 a
715 4258 813 4332 aqua
839 4251 1007 4334 prrmum
1026 4233 1248 4331 percolatur
1262 4255 1335 4348 per
1351 4235 1521 4314 chartam
1538 4235 1740 4337 bibulam,-¹

1363 4365 1368 4375 ·
1600 4349 1688 4417 tum
1880 4349 1881 4352 ’
